1965 3240
270 144 320 183 78
567 153 722 182 ARKIV
755 143 848 182 Fon
880 152 1108 182 BOTANIK.
1171 153 1302 181 BAND
1333 142 1372 182 8.
1433 153 1514 183 Nro
1546 141 1585 183 4.

268 259 387 313 long.
443 262 728 308 O‚012———0,013
783 258 975 307 millim.,
1031 272 1166 299 crass.
1222 262 1331 307 0,008
1383 259 1574 308 millim.,
1617 259 1891 301 membrana

269 325 525 379 aequaliter
567 326 743 366 modice
785 327 1053 373 incrassata,
1097 325 1222 366 haud
1265 330 1346 366 aut
1387 325 1550 366 leviter
1591 327 1884 376 constrictae,

268 393 573 447 ellipsoideae,
620 392 826 447 apicibus
870 392 1148 433 rotundatis.
1195 418 1252 421 —
1287 392 1473 433 Thallus
1507 406 1564 434 ne
1599 392 1684 434 sub
1725 394 1886 434 micro-

269 461 424 514 scopio
442 460 628 514 quidem
645 461 770 500 visus
791 459 927 500 KHO
943 472 1146 513 reagens
1212 460 1496 513 Hymenium
1513 459 1621 512 jodo
1637 461 1882 514 persisten-

269 532 338 568 ter
392 527 714 568 caerulescens.
782 526 1076 581 Epithecium
1130 526 1545 580 fuscofuligineum,
1602 526 1738 568 KHO
1792 541 1885 568 non

268 608 469 648 reagens.
525 594 813 648 Paraphyses
856 597 929 634 sat
970 593 1072 635 laxe
1125 593 1435 642 cohaerenteS,
1489 594 1618 648 apice
1659 593 1888 635 clavatae.

269 687 326 691 —
352 661 512 702 Thallo
540 661 743 715 disperso
770 666 816 701 et
842 660 1122 715 hypothecio
1149 660 1320 714 pallido
1347 675 1374 701 a
1400 661 1450 701 L.
1478 660 1743 702 aethaleoide
1759 660 1882 715 Nyl.,

269 728 336 769 Fl.
372 732 483 768 1885
509 743 553 783 p.
588 731 654 777 42,
684 728 817 769 facile
846 728 1159 782 distinguitur.

386 796 459 836 Ad
483 795 683 850 lapidem
707 796 985 849 graniticum
1009 796 1056 835 in
1080 796 1260 849 regione
1285 795 1521 836 meridiem
1546 808 1703 836 versus
1721 808 1887 850 apago

269 863 468 904 Pitlekai
500 864 602 903 sita.
668 862 790 903 Fert.

390 933 426 970 3.
484 933 545 969 M.
578 931 840 980 injucunda
869 930 1017 971 Wain.
1055 932 1115 980 (n.
1148 932 1253 983 sp.).

388 997 574 1038 Thallus
634 1001 911 1045 crustaceus,
970 997 1224 1045 uniformis,
1287 996 1588 1037 crassitudine
1644 995 1890 1037 mediocris.

269 1070 351 1106 aut
384 1070 457 1105 sat
490 1066 656 1113 tenuis,
691 1064 936 1112 areolatus,
972 1064 1132 1105 areolis
1164 1063 1428 1104 rotundatis
1461 1067 1543 1104 aut
1575 1062 1886 1113 difformibus,

272 1134 374 1173 circ.
429 1135 621 1181 O,7—O,5
673 1131 848 1172 millim.
894 1131 1014 1180 latis,
1060 1131 1274 1186 dispersis
1317 1135 1399 1172 aut
1440 1131 1613 1184 partim
1655 1130 1890 1179 confertis,

272 1200 461 1241 obscure
501 1200 657 1254 griseis
687 1203 768 1240 aut
796 1198 978 1253 pallidis
1008 1203 1089 1239 aut
1118 1197 1682 1252 albidoglaucescentibus,
1714 1198 1890 1252 opacis,

272 1267 408 1308 KHO
465 1266 812 1315 lutescentibus,
871 1267 996 1307 intus
1053 1265 1161 1319 jodo
1218 1267 1395 1306 intense
1454 1263 1887 1313 caerulescentibus,

271 1334 567 1389 apothecium
601 1347 746 1375 unum
781 1338 863 1374 aut
896 1334 1042 1374 rarius
1078 1333 1321 1387 apothecia
1354 1332 1487 1387 plura
1522 1331 1885 1380 continentibus,

270 1401 544 1456 hypothallo
598 1402 726 1456 nigro
779 1402 899 1442 inter
951 1404 998 1441 et
1051 1401 1170 1441 circa
1223 1400 1396 1441 areolas
1450 1399 1582 1440 thalli
1624 1399 1886 1453 conspicuo.

271 1469 529 1524 Apothecia
579 1469 774 1517 minuta,
829 1469 931 1509 circ.
990 1470 1180 1517 O,7—O,3
1228 1467 1403 1507 millim.
1452 1467 1562 1515 lata,
1609 1465 1753 1507 thallo
1802 1466 1891 1506 im-

271 1550 433 1585 mersa,
481 1536 605 1576 disco
650 1536 793 1589 nigro,
844 1534 983 1584 nudo,
1030 1534 1183 1589 plano,
1228 1534 1425 1574 thallum
1462 1533 1589 1574 haud
1620 1536 1884 1588 superante,

272 1604 457 1645 demum
502 1618 636 1657 saepe
682 1602 852 1644 annulo
897 1602 1202 1643 maculiformi
1246 1606 1327 1642 aut
1371 1601 1538 1642 leviter
1577 1601 1880 1655 prominente,

271 1672 538 1725 nigricante,
577 1671 916 1725 angustissimo,
956 1669 1100 1710 thallo
1136 1669 1351 1717 formato,
1391 1668 1450 1709 ad
1485 1669 1631 1708 instar
1666 1667 1883 1721 marginis

271 1737 570 1779 circumdata.
602 1737 926 1778 Parathecium
948 1736 1073 1777 haud
1093 1736 1346 1778 evolutum.
1371 1734 1716 1789 Hypothecium
1733 1733 1885 1775 medio

270 1806 540 1854 fuscescens,
580 1805 722 1846 latere
759 1804 997 1859 pallidum.
1063 1803 1232 1858 Sporae
1274 1806 1418 1851 8znae,
1457 1801 1695 1851 distichae,
1740 1804 1884 1855 l-sep-

272 1877 413 1921 tatae,
458 1873 628 1921 fuscae,
673 1872 793 1926 long.
841 1874 1136 1921 0,011—0,013‚
1183 1884 1317 1911 crass.
1365 1872 1645 1918 0,005—0,007
1689 1867 1885 1916 millim„

272 1939 542 1981 membrana
587 1939 841 1993 aequaliter
886 1938 1063 1979 modice
1108 1939 1375 1985 incrassata,
1424 1936 1551 1977 haud
1595 1939 1676 1976 aut
1721 1935 1886 1976 leviter

273 2008 562 2055 constrictae,
589 2005 893 2060 ellipsoideae,
921 2005 1127 2060 apicibus
1152 2004 1428 2046 rotundatis.
1455 2028 1513 2032 —
1536 2003 1722 2044 Thallus
1747 2001 1889 2042 KHO·

271 2078 405 2115 extus
431 2079 477 2115 et
502 2075 627 2115 intus
653 2073 894 2122 lutescens,
923 2072 1007 2113 sub
1034 2073 1331 2126 microscopio
1358 2072 1483 2112 visus
1513 2069 1729 2125 crystalla
1746 2068 1884 2109 rubra

271 2141 397 2182 haud
418 2141 635 2182 formans.
681 2141 963 2195 Hymenium
980 2141 1081 2180 circ.
1103 2143 1212 2188 0,050
1232 2139 1405 2179 millim.
1426 2151 1642 2185 crassum,
1661 2136 1769 2190 jodo
1784 2149 1886 2190 per-

272 2210 485 2250 sistenter
525 2207 847 2249 caerulescens.
913 2206 1207 2261 Epithecium
1247 2206 1470 2247 olivaceo-
1510 2208 1592 2245 aut
1631 2202 1889 2244 fusco-fuli-

271 2277 469 2330 gineum,
497 2275 632 2316 KHO
656 2289 749 2315 non
771 2288 974 2328 reagens.
1039 2273 1326 2328 Paraphyses
1351 2276 1423 2313 sat
1447 2272 1548 2313 laxe
1572 2270 1886 2318 cohaerentes,

273 2344 400 2397 apice
433 2343 656 2383 clavatae.
722 2341 923 2391 Thallus,
957 2342 1255 2395 microscopio
1287 2341 1426 2388 visus,
1460 2343 1594 2380 extus
1626 2339 1745 2378 circa
1775 2349 1888 2391 apo-

272 2410 423 2451 thecia
455 2410 726 2450 fuscescens.
1801 2460 1803 2462 Ι

389 2477 461 2517 Ad
495 2476 670 2531 lapides
704 2477 751 2516 in
785 2476 967 2530 regione
1002 2475 1239 2516 meridiem
1274 2487 1432 2515 versus
1467 2487 1494 2514 a
1527 2485 1646 2527 pago
1682 2469 1885 2512 Pitlekai.

272 2545 375 2585 sita.
439 2544 562 2584 Fert.

394 2614 430 2651 4.
493 2613 556 2650 Μ.
589 2612 733 2649 dubia
763 2610 911 2651 Wain.
943 2611 1002 2660 (n.
1028 2611 1134 2663 sp.).

332 2677 518 2719 Thallus
560 2682 835 2725 crustaceus,
879 2676 1133 2724 uniformis,
1177 2674 1478 2716 crassitudine
1519 2672 1759 2714 mediocris
1799 2673 1887 2711 aut

273 2750 346 2786 sat
374 2746 539 2793 tenuis,
572 2744 815 2793 areolatus,
847 2743 1008 2784 areolis
1036 2742 1300 2783 rotundatis
1329 2746 1410 2782 aut
1439 2739 1746 2787 difformibus,
1776 2738 1880 2778 circ.

275 2815 464 2861 O,6—O,3
497 2811 671 2853 millim.
706 2811 826 2859 latis,
857 2810 1070 2864 dispersis
1091 2814 1173 2851 aut
1189 2810 1361 2864 partim
1382 2808 1611 2856 confertis,
1629 2805 1784 2860 griseis
1800 2807 1887 2845 aut

274 2880 461 2920 cinereis
489 2883 570 2920 aut
597 2879 743 2919 rarius
758 2877 955 2932 pallidis,
975 2877 1143 2931 opacis,
1167 2875 1462 2930 apothecium
1478 2887 1622 2915 unum
1639 2876 1721 2914 aut
1736 2871 1887 2912 rarius

274 2945 517 3000 apothecia
547 2948 658 2985 2-3
684 2943 1042 2987 continentibus
1070 2945 1194 2984 intus
1221 2942 1329 2996 jodo
1355 2944 1532 2983 intense
1559 2938 1885 2984 caerulescens,
