1965 3240
282 165 338 201 48
586 173 738 202 ARKIV
768 164 861 203 Fon
891 174 1120 205 BOTANIK.
1183 177 1314 205 BAND
1347 166 1388 207 8.
1450 178 1531 208 Νῑο
1560 166 1600 209 4.

285 280 511 333 congruit.
577 279 633 320 In
674 293 855 322 summo
896 283 1100 336 margine
1141 282 1490 336 apotheciorum
1517 289 1676 326 autem
1702 289 1904 327 stratum

284 346 501 387 corticale
530 348 577 387 in
605 347 655 387 L.
687 347 924 401 Behrz'nyz'i
951 349 1169 391 distincte
1198 350 1439 391 evolutum
1466 356 1513 392 et
1540 353 1588 392 in
1615 352 1666 393 L.
1696 352 1905 395 umbrina

283 413 517 454 deficiens.
582 414 632 454 L.
653 414 890 468 Rem-inqu·
909 418 1051 457 etiam
1078 417 1331 471 apotheciis
1358 419 1668 469 crassioribus,
1697 421 1903 475 margine

284 480 635 535 apotheciorum
671 483 850 537 integro
887 488 935 524 et
971 484 1095 525 disco
1132 498 1310 540 semper
1331 485 1457 527 nudo
1484 490 1531 527 et
1555 487 1903 541 pycnoconidiis

282 548 557 589 rectioribus
612 549 771 590 differt
813 564 840 591 a
880 551 930 591 L.
974 551 1195 601 umbi-ina,
1240 566 1439 606 quacum
1493 555 1701 607 proxime
1747 554 1902 596 affinis

285 619 369 655 est.
404 615 575 657 Utrum
607 616 657 656 L.
680 618 933 658 Tanaazszzs*
964 618 1087 672 Nyl„
1122 618 1188 659 Fl.
1224 622 1333 661 1877
1363 634 1408 674 p.
1431 624 1528 670 458,
1547 620 1637 662 huc
1653 622 1900 675 pertineat,

283 682 436 724 denuo
454 684 816 724 examinandum
833 689 917 725 est.
965 686 1145 727 Habitu
1161 700 1326 740 parum
1344 687 1502 728 differt-
1520 702 1547 729 a
1572 688 1622 729 L.
1651 688 1900 741 Behrinqii.

398 750 472 790 Ad
501 750 677 805 lignum
708 757 753 792 et
787 756 960 793 terram
997 753 1241 794 humosam
1272 759 1319 795 et
1351 768 1532 796 muscos
1565 755 1825 797 destructos
1856 760 1903 797 et

282 831 387 858 ossa
415 823 605 858 vetusta
632 823 679 859 et
707 818 883 873 lapides
911 824 957 861 et
987 835 1100 861 saxa
1126 823 1366 875 granitica,
1397 824 1659 876 gneissacea
1687 827 1734 864 et
1763 824 1901 864 mica-

280 884 610 926 ceo—schistosa
650 899 793 940 prope
834 901 978 941 pagos
1020 888 1217 929 Pitlekai
1260 894 1309 929 et
1350 889 1531 944 Tjapka
1573 895 1619 931 et
1660 891 1709 931 in
1749 890 1901 931 insula

282 951 473 1004 Idlidlja.
498 958 545 993 et-
570 954 617 993 in
642 954 885 1007 peninsula
907 955 1148 996 Jinretlen.

408 1022 472 1059 18.
538 1022 587 1059 L.
620 1022 870 1060 Palanderi
900 1022 1047 1063 lVain.
1079 1025 1139 1074 (n.
1165 1025 1270 1077 sp.).

404 1086 592 1127 Thallus
647 1093 924 1138 crustaceus‚
979 1090 1234 1139 uniformis,
1291 1091 1456 1139 tenuis,
1514 1095 1587 1131 sat
1641 1091 1901 1140 continuus,

283 1158 356 1194 sat
412 1154 684 1209 laevigatus,
744 1156 925 1197 sordide
981 1157 1053 1198 vel
1109 1157 1657 1212 glaucescenti-albicans,
1716 1172 1901 1212 opacus,

284 1221 419 1262 KHO
466 1235 559 1262 non
604 1236 806 1277 reagens,
856 1223 1129 1278 hypothallo
1175 1225 1301 1266 nullo
1347 1225 1582 1266 distincto.
1647 1225 1903 1279 Apothecia

280 1292 475 1338 Ο,6-1,6
532 1289 707 1330 millim.
753 1291 864 1340 lata,
911 1294 1070 1333 tenuia
1113 1297 1195 1333 aut
1239 1297 1311 1333 sat
1355 1294 1527 1341 tenuia,
1573 1293 1902 1347 approximata

280 1361 365 1396 aut
387 1370 559 1410 sparsa,
583 1357 763 1411 peltata
783 1364 831 1399 et
853 1358 952 1400 basi
973 1359 1088 1401 bene
1110 1361 1374 1409 constricta,
1399 1359 1524 1401 disco
1545 1360 1699 1414 plano,
1735 1359 1900 1401 livido-

278 1423 551 1473 rufescente,
593 1426 795 1466 tenuiter
831 1428 1065 1480 pruinoso,
1089 1441 1247 1481 opaco,
1276 1428 1481 1481 margine
1507 1426 1726 1476 thallode,
1754 1427 1898 1476 tenui,
1961 1438 1965 1444 ·

279 1490 433 1532 albido
453 1496 535 1532 aut
552 1492 995 1546 pallido—albicante,
1017 1509 1175 1549 opaco,
1196 1496 1375 1548 integro
1395 1498 1477 1535 aut
1495 1495 1660 1535 leviter
1676 1494 1899 1544 flexuoso,

281 1559 571 1612 persistente.
637 1559 919 1615 Excipulum
949 1562 1134 1616 gonidia
1165 1566 1518 1616 cystococcacea
1547 1563 1595 1603 in
1626 1565 1774 1603 strato
1804 1575 1903 1616 my-

286 1625 560 1680 elohyphico
611 1629 868 1678 continens,
925 1634 1073 1670 strato
1123 1629 1327 1670 corticali
1372 1643 1517 1683 usque
1562 1628 1622 1670 ad
1666 1632 1777 1678 0,050
1820 1633 1903 1670 aut

288 1696 401 1742 0,090
451 1693 627 1734 millim.
674 1708 840 1744 crasso,
879 1697 927 1736 in
964 1698 1167 1751 margine
1204 1710 1397 1750 superne
1435 1697 1603 1737 sensim
1639 1699 1900 1745 attenuato,

282 1760 607 1810 chondroideo,
639 1767 710 1802 sat
740 1762 855 1804 bene
883 1764 1126 1818 pellucido,
1158 1764 1420 1805 decolorato
1450 1768 1531 1804 aut
1559 1763 1746 1818 pallido,
1776 1762 1902 1804 haud

281 1828 542 1881 granuloso,
589 1843 647 1870 ex
690 1829 859 1884 hyphis
904 1831 1215 1881 verticalibus,
1263 1831 1606 1885 conglutinatis,
1645 1829 1900 1884 pachyder—

277 1896 460 1936 maticis
495 1895 711 1946 formato,
751 1898 1035 1939 cavitatibus
1071 1898 1337 1939 cellularum
1373 1899 1723 1952 angustissimis,
1761 1897 1899 1951 vulgo

279 1961 492 2017 oblongis
522 1964 765 2013 instructo,
798 1966 846 2005 in
878 1980 1058 2007 summo
1089 1967 1292 2020 margine
1323 1965 1416 2006 late
1448 1970 1531 2006 aut
1562 1969 1756 2019 anguste
1787 1963 1899 2005 defi-

279 2030 442 2071 ciente.
474 2030 822 2084 Hypothecium
853 2037 992 2073 tenue
1020 2034 1212 2084 (crassit.
1246 2033 1348 2073 circ.
1384 2035 1668 2081 0,015—0,030
1682 2030 1898 2080 millim.)‚

277 2097 507 2150 pallidum
537 2103 619 2138 aut
649 2098 870 2149 albidum,
902 2115 959 2141 ex
987 2100 1157 2155 hyphis
1185 2100 1494 2154 irregulariter
1523 2100 1768 2148 contextis,
1794 2098 1899 2153 plus

284 2165 497 2205 minusve
553 2166 883 2219 conglutinatis
924 2168 1192 2208 formatum.
1257 2167 1542 2221 Hymenium
1583 2167 1686 2207 circ.
1731 2169 1900 2215 0,060—
1955 2201 1958 2203 ,

281 2234 394 2280 0,070
432 2231 607 2273 millim.
656 2246 874 2283 crassum,
916 2234 1024 2287 jodo
1063 2236 1363 2289 persistenter
1402 2233 1725 2274 caerulescens.
1789 2232 1897 2286 Epi-

280 2298 487 2339 thecium
521 2299 766 2341 rubescens
803 2306 885 2342 aut
920 2302 1166 2350 rufescens,
1205 2301 1341 2342 KHO
1377 2315 1470 2342 non
1505 2314 1708 2355 reagens,
1746 2298 1898 2352 HNO3

277 2365 541 2407 distinctius
577 2366 835 2409 rubescens.
901 2368 1189 2423 Paraphyses
1226 2373 1351 2409 arcte
1388 2368 1697 2416 cohaerentes,
1735 2371 1897 2408 tenues

276 2437 360 2473 aut
397 2438 469 2474 sat
507 2438 668 2475 tenues
712 2436 905 2486 (crassit.
948 2439 1256 2484 0,001—0,0015
1283 2435 1497 2486 millim.)‚
1527 2435 1654 2488 apice
1682 2434 1895 2475 clavatae

279 2505 363 2540 aut
411 2514 576 2554 parum
624 2502 919 2551 incrassatae,
970 2502 1097 2543 haud
1143 2516 1365 2551 ramosae,
1415 2501 1620 2542 increbre
1661 2505 1892 2556 septatae.

282 2566 388 2607 Asci
430 2568 616 2609 clavati.
681 2569 852 2623 Sporae
897 2573 1043 2619 Smae,
1088 2569 1326 2618 distichae,
1371 2569 1613 2622 simplices,
1646 2568 1892 2617 decolores,

278 2634 572 2688 ellipsoideae
614 2641 696 2676 aut
738 2636 977 2691 oblongae,
1014 2636 1221 2691 apicibus
1254 2635 1532 2685 rotundatis,
1568 2636 1688 2690 long.
1725 2639 1895 2685 Ο,011--

274 2705 403 2750 »0,016,
474 2703 650 2743 crassit.
727 2706 838 2752 0,00-3
900 2704 1059 2744 milim.
1128 2703 1470 2757 Pycnoconidia
1524 2703 1774 2757 incognita.
1837 2725 1895 2731 —
1954 2714 1965 2737 f

278 2768 561 2810 Intermedia
583 2774 654 2810 est
675 2771 797 2811 inter
819 2771 869 2811 L.
896 2771 1101 2823 Berinqii
1123 2775 1170 2812 et
1193 2770 1243 2810 L.
1270 2770 1537 2819 umbrinam,
1563 2784 1590 2810 a
1611 2771 1761 2824 priore
1784 2781 1893 2823 apo-

276 2835 438 2876 theciis
461 2837 690 2890 pruinosis
713 2842 759 2878 et
785 2842 933 2878 strato
958 2837 1163 2878 corticali
1188 2851 1382 2892 superne
1406 2837 1665 2886 deficiente,
1691 2851 1719 2877 a
1740 2840 1892 2890 poste-

274 2903 391 2944 riore
439 2903 692 2957 apotheciis
738 2904 894 2959 paullo
941 2904 1252 2954 crassioribus,
1302 2905 1506 2958 margine
1551 2904 1797 2958 integriore
1844 2905 1892 2943 et

269 2971 505 3011 reactione
539 2970 744 3024 hymenii
779 2971 1010 3012 differens.
