1965 3240
289 129 366 167 130
600 137 751 165 ARKIV
782 126 875 165 Foss
906 136 1134 166 BOTANIK.
1196 136 1327 164 BAND
1359 127 1399 165 8.
1459 137 1540 166 N:O
1573 125 1611 166 4.

288 243 581 297 Epithccium
608 242 1181 296 aeruginoso—fuligineum,
1211 241 1347 283 KHO
1374 256 1466 283 non
1492 256 1693 297 reagens.
1759 244 1896 285 Para-

283 311 451 365 physes
476 314 599 351 arcte
623 309 931 358 cohaerentes,
957 309 1205 350 mediocres
1231 313 1312 349 aut
1329 313 1503 357 tenues,
1524 311 1650 363 apice
1672 310 1798 351 haud
1814 315 1898 352 aut

285 391 448 432 parum
485 378 778 425 incrassatae,
823 390 906 431 pro
936 380 1067 431 parte
1097 375 1300 417 increbre
1332 390 1780 426 ramoso-connexae,
1812 391 1897 432 pro

285 449 416 499 parte
431 445 670 499 simplices.
697 443 803 484 Asci
817 443 1000 493 clavati,
1018 444 1145 498 apice
1160 442 1428 484 membrana
1441 444 1706 485 incrassata.
1726 444 1896 499 Sporae

290 516 435 561 82nae,
472 511 709 560 distichae,
747 511 986 565 simplices,
1023 510 1267 559 decolores,
1303 509 1539 563 oblongae,
1577 510 1782 564 apicibus
1816 512 1896 552 ob-

285 580 399 620 tusis
442 583 523 620 aut
562 577 1028 627 rotundato-obtusis,
1065 577 1185 631 long.
1224 580 1519 626 O‚010-0,019,
1553 591 1688 618 crass.
1728 580 1898 628 O‚0047-

286 650 396 696 0,005
443 646 617 686 millim.
682 645 878 686 Gonidia
926 644 1126 699 globosa,
1177 644 1489 693 flavescentia,
1542 643 1680 685 diam.
1729 648 1898 693 0,006—

286 719 396 763 0,007
430 713 620 762 millim.,
655 712 924 753 membrana
957 713 1099 761 tenui,
1139 716 1324 752 tantum
1352 711 1575 766 simplicia
1601 712 1713 760 visa,
1741 712 1897 753 forsan

288 795 379 822 non
417 784 781 834 cystococcacea.

406 847 478 888 Ad
502 847 686 901 plantas
711 847 972 888 destructas
995 850 1043 887 et
1068 850 1238 887 terram
1263 845 1438 886 nudam
1463 859 1703 887 arenosam
1726 847 1774 886 in
1797 846 1894 901 pla-

289 916 402 956 nitie
430 914 621 955 littorali
649 928 790 968 prope
818 927 989 968 pagum
1018 913 1227 962 Pitlekai,
1258 914 1305 953 in
1334 916 1491 954 monte
1521 912 1685 954 Gbova
1711 917 1758 954 et
1786 912 1896 954 alibi

287 984 335 1023 in
359 981 600 1037 peninsula
621 981 847 1023 Jinretlen
871 985 917 1022 et
942 994 1083 1035 prope
1108 981 1259 1021 sinum
1284 979 1596 1033 Koljutschin.

410 1052 475 1089 39.
540 1051 589 1087 L.
636 1050 856 1098 neglecta
902 1048 1007 1102 Nyl.
1062 1049 1109 1088 in
1162 1047 1271 1088 Not.
1322 1047 1483 1089 Sallsk.
1534 1047 1583 1088 P.
1636 1047 1686 1088 F.
1733 1051 1780 1088 et
1826 1046 1895 1088 Fl.

291 1118 433 1158 Fenn.
458 1116 524 1157 JV
549 1118 704 1167 (1859)
725 1130 769 1170 p.
797 1118 897 1164 2333
921 1115 1002 1155 Th.
1025 1115 1116 1163 Fr„
1139 1113 1264 1155 Lich.
1289 1114 1452 1156 Scand.
1477 1114 1525 1154 ΙΙ
1551 1116 1704 1166 (1874)
1724 1129 1769 1168 p.
1795 1117 1897 1163 524;

291 1185 491 1237 Almqu.,
519 1183 644 1224 Lich.
673 1182 817 1223 Iaktt.
846 1182 938 1224 Sib.
972 1185 1125 1234 (1879)
1150 1197 1194 1236 p.
1226 1186 1292 1230 48,
1320 1181 1446 1222 Lich.
1475 1182 1612 1222 Kiist.
1641 1181 1895 1235 Beringsm.

297 1254 450 1303 (1887)
477 1265 521 1305 p.
553 1254 652 1299 524,
681 1251 845 1298 Wain.,
874 1249 979 1302 Adj.
1009 1248 1134 1289 Lich.
1163 1249 1306 1303 Lapp.
1336 1249 1384 1289 ΙΙ
1417 1251 1570 1301 (1883)
1596 1263 1640 1303 p.
1673 1252 1739 1298 86,
1767 1247 1894 1289 Lich.

294 1320 481 1361 Caucas.
514 1320 667 1370 (1899)
691 1332 736 1371 p.
766 1320 865 1366 3263
892 1316 1049 1365 Tuck„
1076 1316 1183 1370 Syn.
1210 1316 1361 1357 North
1384 1316 1486 1356 Am.
1512 1315 1637 1356 Lich.
1664 1315 1713 1356 ΙΙ
1742 1318 1897 1368 (1888)

290 1401 334 1440 p.
367 1390 433 1426 84.

410 1453 557 1507 Supra
573 1452 758 1506 plantas
776 1451 1035 1492 destructas
1053 1455 1099 1492 et
1117 1451 1175 1491 ad
1193 1452 1341 1505 ipsam
1360 1455 1529 1491 terram
1546 1450 1720 1491 nudam
1739 1463 1897 1491 areno-

293 1535 391 1562 sam
418 1521 465 1561 in
491 1519 734 1574 peninsula
758 1518 998 1559 Jinretlen.
1034 1519 1150 1560 Ster.

412 1591 477 1628 40.
542 1589 590 1626 L.
623 1588 889 1625 sublimosa
924 1585 1045 1639 Nyl.,
1097 1585 1163 1625 Fl.
1208 1588 1317 1624 1885
1351 1600 1394 1639 p.
1434 1588 1529 1633 446,
1570 1585 1735 1625 Enum.
1769 1583 1895 1624 Lich.

290 1656 412 1697 Fret.
455 1654 589 1695 Behr.
639 1656 792 1705 (1888)
830 1668 875 1707 p.
919 1655 943 1692 9
987 1652 1187 1703 (secund.
1229 1653 1412 1706 specim.
1454 1653 1563 1705 orig.
1603 1665 1646 1691 n.
1683 1653 1821 1691 16604
1851 1654 1899 1691 in

291 1722 417 1764 herb.
444 1721 589 1776 Nyl.).

412 1789 597 1830 Thallus
617 1789 769 1829 tenuis
791 1791 872 1828 aut
891 1788 1038 1828 rarius
1058 1787 1311 1835 mediocris,
1334 1787 1570 1827 verniceus
1591 1789 1672 1826 aut
1692 1784 1899 1839 impellu-

294 1857 435 1905 cidus,
465 1856 721 1910 laevigatus
750 1859 831 1896 aut
859 1854 1423 1907 verruculoso-inaequalis,
1452 1852 1650 1907 pallidus
1679 1856 1760 1893 aut
1788 1851 1901 1892 albi-

294 1925 378 1965 dus
402 1928 483 1965 aut
507 1922 994 1976 cinereo-glaucescens
1011 1925 1093 1962 aut
1105 1921 1618 1975 glaucescenti-griseus,
1635 1933 1804 1974 opacus
1819 1922 1902 1959 aut

294 1992 456 2033 leviter
479 1990 667 2031 nitidus.
732 1989 989 2044 Apothecia
1015 2002 1156 2042 usque
1183 1988 1242 2029 ad
1266 1988 1518 2042 marginem
1542 1987 1686 2028 thallo
1712 1986 1899 2034 adnata,

296 2062 488 2108 O,4——1,2
527 2058 702 2099 millim.
744 2057 854 2105 lat-a,
888 2057 1047 2097 tenuia
1078 2059 1159 2096 aut
1191 2060 1263 2096 sat
1295 2056 1466 2103 tenuia,
1501 2054 1657 2095 crebra
1689 2053 1901 2108 approxi-

296 2130 529 2179 mataque,
573 2125 697 2165 disco
738 2124 819 2165 diu
859 2123 1012 2178 plano,
1057 2123 1243 2164 demum
1284 2122 1739 2177 depresso-convexo,
1783 2124 1899 2168 atro,

296 2193 434 2241 nudo,
471 2193 672 2247 primum
706 2191 869 2240 nitido,
906 2191 1093 2232 demum
1127 2204 1285 2244 opaco,
1322 2190 1524 2243 margine
1558 2189 1700 2237 tenui,
1736 2186 1900 2235 nitido,

297 2274 403 2301 mox
434 2259 633 2301 excluso.
699 2258 975 2312 Excipulum
1006 2262 1140 2298 extus
1173 2256 1744 2311 aeruginoso-suligineum,
1777 2255 1903 2295 intus

298 2327 516 2375 albidum,
547 2326 683 2367 KHO
703 2340 796 2367 non
816 2339 1003 2379 reagens
1024 2329 1105 2365 aut
1125 2328 1260 2365 extus
1281 2323 1637 2377 smaragdulum,
1659 2337 1715 2363 ex
1735 2320 1904 2376 hyphis

296 2394 584 2435 radiantibus
617 2393 943 2447 conglutinatis
974 2391 1240 2440 formatum,
1275 2390 1551 2431 membranis
1583 2387 1900 2435 mediocribus,

298 2460 578 2502 cavitatibus
612 2460 875 2501 cellularum
909 2460 1128 2513 angustis.
1194 2457 1538 2512 Hypothecium
1571 2454 1904 2509 albidum'pal-

298 2528 515 2576 lidumve,
555 2542 611 2568 ex
648 2526 816 2581 hyphis
854 2530 926 2567 sat
963 2527 1124 2567 erectis
1161 2526 1427 2573 formatum,
1466 2522 1899 2569 ramoso-connexis,

298 2609 444 2649 neque
479 2594 628 2642 KHO,
664 2607 746 2634 nec
775 2593 883 2646 jodo
913 2606 1114 2647 reagens.
1179 2592 1461 2646 Hymenium
1493 2592 1595 2631 circ.
1622 2592 1906 2639 0,070-0,060·

298 2662 472 2703 millim.
508 2674 723 2709 crassum,
758 2660 866 2713 jodo
898 2661 1193 2714 persistenter
1226 2658 1545 2700 caerulescenS.
1611 2655 1902 2711 Epithecium

300 2728 858 2783 aeruginoso-fuligineum
902 2731 984 2767 aut
1028 2726 1207 2767 sordide
1253 2726 1585 2779 aeruginosum,
1632 2722 1767 2764 KHO
1810 2734 1902 2761 non

299 2809 485 2850 reagens
517 2799 598 2836 aut
629 2794 891 2835 distinctius
922 2792 1277 2847 smaragdulum,
1311 2796 1458 2833 strato
1489 2791 1743 2845 gelatinoso
1771 2787 1901 2829 deco-

298 2863 391 2904 lore
426 2863 644 2903 continuo
679 2861 947 2902 obductum.
1013 2859 1300 2914 Paraphyses
1334 2863 1458 2899 arcte
1493 2857 1800 2903 cohaerentes,
1836 2855 1903 2895 in—

299 2930 452 2971 crebre
504 2941 952 2976 ramoso-connexae,
1008 2926 1289 2968 cavitatibus
1341 2924 1571 2973 tenuibus,
1627 2921 1905 2964 membranis
