1965 3240
263 160 304 189 E.
340 160 534 196 WAINIO,
569 159 807 189 LICHENES
839 159 991 189 PROPE
1023 160 1249 188 PITLEKAI
1280 160 1524 190 COLLEC'I'I.
1610 152 1689 190 121

68 265 179 314 lata,
216 266 511 321 fusco-nigra,
549 266 675 307 disco
709 266 847 321 plano
883 270 965 307 aut
1001 266 1187 307 demum
1223 280 1446 316 convexo,
1484 269 1690 322 margine

71 335 347 388 persistente
383 339 465 375 aut
501 334 688 375 demum
722 333 921 375 excluso.
987 333 1265 388 Excipulum
1302 335 1348 374 in
1384 336 1588 389 margine
1623 336 1691 376 in-

68 405 198 442 tense
216 401 488 450 fusccscens,
505 406 710 443 ceterum
729 401 921 442 dilutius
938 400 1211 450 fuscescens,
1228 401 1364 443 KHO
1379 415 1471 442 non
1486 416 1689 457 rcagens,

69 482 127 509 ex
170 468 338 523 hyphis
382 469 674 510 radiantibus
717 469 971 510 formatum
1015 468 1360 523 conglutinatis,
1406 470 1690 511 cavitatibus

69 535 335 576 cellularum
368 537 645 591 ellipsoideis
678 541 760 578 aut
793 536 1014 591 oblongis,
1049 536 1357 577 mediocribus
1391 540 1473 577 aut
1506 541 1578 578 sat
1611 551 1691 578 an-

68 603 230 657 gustis,
261 604 543 645 membranis
571 604 748 645 modice
775 604 1054 645 incrassatis.
1119 603 1468 658 Hypothecium
1496 618 1690 659 superne

69 669 261 711 obscure
292 670 551 712 fuscescens
583 676 665 713 aut
696 671 1284 720 subviolaceo-fuscescens,
1318 676 1522 712 ceterum
1552 672 1690 726 vulgo

69 737 216 778 dilute
248 737 522 787 fuscescens,
559 739 696 780 KHO
729 753 822 780 non
854 753 1056 794 reagens,
1092 753 1149 780 ex
1181 738 1349 793 hyphis
1382 739 1691 793 irregulariter

70 806 302 846 contextis
343 806 674 860 conglutinatis
715 807 985 848 formatum.
1061 806 1345 862 Hymenium
1387 808 1490 848 circ.
1523 811 1694 856 0,060-—

69 875 181 922 0,070
222 872 397 913 millim.
444 887 662 923 crassum,
696 874 822 916 haud
852 874 1163 929 granulosum,
1197 874 1306 928 jodo
1338 875 1517 915 intense
1548 876 1690 929 persi-

68 944 245 982 stenter
272 940 595 982 caerulcscens.
627 941 922 996 Epithecium
948 942 1208 983 fuscescens
1235 945 1318 982 aut
1344 942 1578 983 rufesccns
1606 946 1688 983 aut

67 1007 535 1062 pallido-fuscescens,
557 1009 692 1050 KHO
710 1023 803 1050 non
820 1023 1021 1064 reagens,
1042 1013 1190 1051 strato
1207 1009 1463 1064 gelatinoso
1480 1009 1689 1051 decolore

68 1075 207 1130 vulgo
237 1075 507 1117 obductum.
572 1076 862 1131 Paraphyses
892 1081 1017 1118 arcte
1048 1076 1359 1126 cohaerentes,
1392 1081 1465 1118 sat-
1508 1082 1687 1127 tenues,

69 1143 246 1184 crassit.
294 1146 427 1192 0,0015
473 1143 666 1193 millim.,
702 1146 831 1199 apice
864 1158 1030 1199 parum
1063 1148 1145 1186 aut
1178 1144 1356 1185 modice
1389 1146 1686 1194 incrassatae,

69 1214 295 1265 septatae,
342 1210 468 1252 haud
511 1225 964 1253 ramoso-connexae.
1030 1212 1200 1267 Sporae
1249 1216 1396 1261 81nae,
1444 1212 1686 1262 distichae,

66 1277 311 1328 decolores,
335 1279 577 1333 simplices,
601 1279 824 1334 oblongae
847 1284 928 1320 aut
949 1279 1254 1334 ellipsoideae,
1278 1279 1486 1334 apicibus
1508 1279 1689 1321 obtusis

65 1350 149 1387 aut
192 1359 296 1387 raro
336 1346 614 1395 rotundatis,
660 1347 779 1400 long.
832 1351 1115 1397 O‚012—0,016
1163 1350 1502 1400 (0,010—0,017),
1548 1361 1684 1388 crass.

67 1416 350 1463 O‚005——0,006
413 1417 735 1466 (0,004-—0‚007)
791 1415 965 1455 millim.
1066 1414 1263 1456 Gonidia
1317 1419 1684 1470 cystocoecacea,

64 1480 268 1535 globosa,
324 1481 464 1522 diam.
512 1483 615 1522 circ.
666 1486 950 1531 ()‚008—0,012
994 1482 1186 1531 millim.,
1232 1482 1503 1524 membrana
1540 1483 1684 1532 tenui,

65 1548 302 1590 distincta.

183 1617 331 1672 Supra
367 1631 549 1658 muscos
587 1621 798 1658 vetustos
836 1622 882 1658 et
920 1617 1010 1658 alia
1046 1617 1325 1672 vegetabilia
1362 1617 1601 1659 destructa
1638 1619 1683 1658 in

62 1684 306 1739 peninsula
335 1684 564 1726 Jinretlcn
598 1690 644 1725 et
678 1699 820 1739 prope
855 1686 1006 1726 sinum
1040 1684 1354 1737 Koljutschin.

180 1752 286 1793 Var.
320 1754 619 1802 Templetoni
648 1752 818 1806 (Tayl.)
851 1752 932 1793 Th.
964 1752 1054 1801 Fr„
1087 1752 1212 1793 Lich.
1245 1752 1409 1794 Scand.
1443 1752 1492 1794 II
1528 1755 1683 1805 (1874)

60 1833 105 1873 p.
146 1821 242 1861 437.
307 1820 493 1861 Lecz'dea
529 1821 805 1873 Templetom'
840 1819 985 1874 Tayl.,
1022 1819 1089 1860 Fl.
1126 1819 1318 1861 Hibern.
1357 1820 1406 1861 II
1446 1822 1601 1873 (1836)
1636 1835 1682 1874 p.

66 1889 165 1937 1233
189 1887 384 1942 Leight„
409 1887 535 1928 Lich.
561 1888 702 1929 Great
725 1888 840 1928 Brit.
868 1890 891 1927 3
913 1887 983 1928 ed.
1014 1890 1168 1940 (1879)
1191 1902 1235 1942 p.
1264 1890 1360 1928 329.
1425 1888 1475 1928 L.
1500 1889 1685 1940 sanqui-

60 1960 240 1996 neoatra
262 1969 359 1996 var.
385 1956 609 2009 atros'zcsca
637 1955 758 1996 *van
787 1955 1063 2008 Templetonz'
1076 1955 1242 2004 XVain„
1263 1954 1369 2008 Adj.
1390 1954 1517 1996 Lich.
1535 1955 1682 2010 Lapp.

62 2021 112 2063 ΙΙ
147 2024 303 2075 (1883)
333 2037 377 2077 p.
412 2026 480 2064 38.

178 2089 228 2130 F.
259 2092 622 2140 subpersistens
647 2091 796 2131 lVain.

178 2157 339 2199 Thallo
366 2163 411 2199 et
438 2158 555 2199 facie
582 2162 775 2199 externa
801 2157 1151 2212 apotheciorum
1177 2171 1274 2198 var.
1303 2157 1599 2212 praecedenti
1626 2158 1687 2198 si-

59 2224 193 2266 milis.
238 2225 588 2280 Hypothecium
608 2238 802 2279 superne
828 2226 965 2277 (sicut
984 2225 1127 2266 etiam
1146 2238 1252 2279 pars
1271 2224 1435 2266 infima
1453 2223 1679 2279 hymenii)

60 2292 900 2341 violaceo—fuscescenti-obscuratum‚
980 2296 1186 2334 ceterum
1224 2292 1682 2347 pallido-fuscescens

59 2364 142 2401 aut
169 2360 667 2415 rubricoso-pallidum,
700 2359 836 2401 KHO
865 2373 958 2401 non
987 2373 1191 2414 reagens.
1257 2360 1544 2415 Hymenium
1574 2360 1680 2401 circ.

59 2430 171 2478 Ο,060
199 2427 375 2468 millim.
411 2441 628 2476 crassum,
651 2426 854 2481 granulis
874 2427 1025 2476 nullis,
1049 2427 1158 2481 jodo
1178 2428 1359 2468 intense
1379 2428 1687 2482 persistenter

60 2495 385 2536 caerulescens.
451 2494 747 2548 Epithecium
768 2494 1225 2549 pallido-fuscescens
1247 2499 1330 2536 aut
1353 2494 1680 2549 testaceo-pal-

57 2561 219 2611 lidum,
263 2561 401 2603 KHO
443 2575 537 2602 non
577 2575 782 2616 reagcns.
860 2561 1153 2617 Paraphyses
1195 2566 1321 2603 arcte
1364 2561 1678 2611 cohaerentes,

59 2632 366 2680 0,0015—0,002
406 2628 581 2669 millim.
625 2642 817 2679 crassae,
861 2630 990 2684 apice
1025 2629 1163 2684 vulgo
1189 2629 1355 2671 leviter
1380 2630 1678 2678 incrassatae,

56 2710 125 2752 pr.
150 2711 195 2751 p.
222 2696 464 2751 simplices,
489 2709 558 2751 pr.
583 2710 628 2751 p.
653 2710 790 2752 parce
812 2710 1267 2739 ramoso-connexae.
1332 2697 1503 2752 Sporae
1531 2699 1678 2745 82nae,

57 2763 303 2812 decolores,
343 2763 581 2818 oblongae,
622 2763 830 2818 apicibus
868 2764 1047 2806 obtusis
1084 2768 1167 2806 aut
1203 2764 1483 2813 rotundatis,
1523 2776 1591 2818 pr.
1631 2777 1676 2817 p.

57 2830 300 2885 simplices,
339 2843 407 2885 pr.
446 2845 491 2885 p.
532 2832 734 2873 tenuiter
775 2835 1031 2886 l-septatae
1075 2833 1139 2885 (in
1176 2831 1313 2872 KHO
1351 2831 1514 2883 visae),
1554 2830 1676 2884 long.

58 2900 356 2948 0,009—0,013,
423 2911 559 2939 crass.
627 2901 934 2949 0,0035-—0,004
994 2901 1115 2952 (raro
1152 2901 1345 2951 —0,ooss)
1394 2897 1571 2938 millim.
1621 2922 1684 2938 —‚—

57 2965 311 3007 Reactione
338 2964 543 3020 hymenii
572 2980 612 3007 a.
642 2980 686 3007 v.
718 2967 995 3020 Templetoni
1022 2965 1196 3007 differt.
