1965 3240
322 158 378 194 :32
626 164 777 193 ARKn·
807 155 900 193 FoR
932 164 1158 193 BOTANIK.
1220 164 1352 193 ΒΑΜ)
1384 154 1423 194 S.
1485 165 1566 194 >120
1597 153 1637 194 4.

323 272 444 325 long.
504 274 612 319 (mos
626 274 800 318 —0,010,
852 283 987 311 crass.
1047 274 1328 319 0,004—O‚m=ss
1384 270 1575 319 millim.,
1629 270 1934 325 ellipsoideae,

325 338 533 393 apicibus
570 337 848 378 rotundatis.
914 337 1346 391 Pycnoconidangia
1385 337 1530 378 thallo
1567 326 1794 379 immersa.
1838 338 1936 380 Ste-

323 408 521 460 rigmata
547 405 666 459 long.
694 406 797 445 circ.
826 409 934 452 0,013
960 404 1151 453 millim.,
1179 405 1316 458 vulgo
1346 404 1653 453 2-articulata,
1687 404 1785 446 basi
1817 419 1936 446 cras-

326 475 398 514 sit.
423 476 532 521 0,003
558 472 750 519 millim.,
773 472 980 526 apicibus
999 476 1045 512 et
1066 472 1271 512 articulis
1291 471 1581 512 inferioribus
1600 472 1937 526 pycnoconidia

320 540 640 582 efferentibus.
706 538 1048 593 Pycnoconidia
1077 538 1274 593 oblonga
1303 544 1384 579 aut
1414 538 1610 580 alterum
1640 540 1816 593 apicem
1839 553 1937 580 ver-

325 622 401 648 sus
439 607 666 648 levissime
694 608 963 654 incrassata,
992 610 1132 654 recta,
1162 606 1369 660 apicibus
1396 606 1589 655 obtusis,
1617 606 1737 660 long.
1768 609 1938 655 0,005—

326 679 450 724 0,006,
479 688 614 715 crass.
644 678 753 721 O‚001
780 673 956 713 millim.

444 741 630 782 Thallus
676 754 870 794 superne
915 745 1063 781 strato
1109 740 1314 781 corticali
1359 740 1589 781 obductus
1624 740 1935 795 cartilagineo,

323 809 568 863 pellucido,
612 823 668 849 ex
710 807 878 862 hyphis
920 807 1121 848 formato
1163 807 1474 855 verticalibUS,
1516 807 1859 862 conglutinatis,
1891 808 1939 847 in

326 877 567 930 superficie
599 867 732 916 thalli
765 879 876 924 Ο,006
916 875 1091 915 millim.
1127 875 1302 923 crassis,
1337 875 1464 929 apice
1496 874 1938 929 aeruginoso-fuligi-

325 945 434 992 neis,
477 942 628 995 ΗΝΟ3
666 942 1040 990 violascentibus,
1082 942 1329 983 constricte
1364 941 1796 996 pauci-articulatis,
1829 942 1938 982 arti-

325 1011 438 1051 culis
499 1010 729 1051 brevibus.
837 1010 1046 1051 Stratum
1121 1009 1370 1050 medullare
1442 1008 1556 1049 bene
1626 1008 1935 1062 granulosum.

327 1078 622 1133 Epithecium
658 1076 808 1130 ΗΝΟ3
833 1091 925 1118 non
946 1091 1148 1131 reagens.
1215 1076 1411 1117 Gonidia
1433 1075 1672 1130 simplicia,
1705 1080 1939 1130 cystococ-

326 1160 474 1186 cacea.
514 1171 572 1174 —
611 1144 771 1185 Thallo
808 1144 1141 1198 placodioideo,
1182 1145 1369 1184 omnino
1400 1143 1588 1192 adnato,
1614 1148 1661 1184 et
1685 1142 1938 1197 apotheciis

326 1213 597 1254 lecanorinis
643 1213 787 1266 magis
832 1216 899 1252 est
932 1211 1091 1252 similis
1122 1211 1382 1259 Lecanorae,
1417 1224 1557 1265 quam
1588 1210 1851 1258 Parmeliae,
1888 1214 1936 1250 at

324 1280 671 1335 pycnoconidiis
698 1293 802 1320 cum
825 1279 1050 1320 Parmelz'a
1078 1278 1322 1333 Almquz'sti
1341 1291 1594 1331 congruens
1633 1282 1679 1318 et
1701 1277 1939 1318 evidenter

326 1348 379 1388 P.
435 1347 651 1400 alpicolae
699 1347 869 1387 affinis.
919 1346 1181 1388 Secundum
1226 1345 1352 1386 herb.
1393 1345 1498 1399 Nyl.
1532 1347 1579 1386 in
1612 1345 1778 1385 Enum.
1810 1343 1936 1385 Lich.

325 1415 448 1456 Fret.
481 1414 616 1455 Behr.
646 1429 690 1468 p.
726 1417 778 1455 79
806 1415 1047 1455 nominata
1075 1418 1145 1454 est
1182 1413 1256 1453 »Ρ
1287 1413 1523 1466 alpicola».

444 1482 517 1522 Ad
538 1496 649 1523 saxa
671 1482 933 1535 gneissacea
954 1482 1001 1521 in
1022 1480 1263 1534 peninsula
1282 1479 1510 1522 Jinretlen
1531 1484 1577 1520 et
1599 1480 1646 1520 in
1668 1483 1825 1520 monte
1848 1491 1940 1519 me-

325 1549 471 1591 ridem
492 1563 650 1590 versus
672 1564 697 1590 a
716 1548 944 1590 Jinretlen
966 1549 1068 1590 sito.
1093 1548 1215 1589 Fert.
1282 1548 1449 1589 Crescit
1473 1560 1566 1587 una
1587 1560 1691 1587 cum
1713 1545 1938 1586 Parmelz'a

325 1617 532 1670 (tlpicola,
564 1617 616 1657 P.
648 1616 892 1670 Almquisti
919 1620 965 1657 et
993 1615 1179 1656 Leezfdm
1206 1615 1487 1668 cheiloplacct.

449 1688 512 1724 11.
580 1686 626 1722 Ρ.
659 1685 924 1732 Almquisti
955 1683 1103 1724 W'ain.
1135 1686 1194 1734 (n.
1221 1685 1326 1736 sp.).

440 1751 628 1792 Thallus
659 1765 853 1805 superne
884 1751 1127 1804 nigricans,
1161 1749 1351 1797 nitidus,
1385 1749 1549 1789 subtus
1580 1762 1724 1802 usque
1755 1747 1815 1788 ad
1845 1761 1940 1787 am-

320 1819 473 1860 bitum
500 1819 787 1867 obscuratus,
815 1819 942 1858 intus
968 1818 1114 1865 albus,
1140 1816 1498 1871 placodioideus,
1519 1815 1787 1856 creberrime
1804 1815 1941 1854 itera-

322 1888 409 1927 tim
451 1886 713 1927 dichotome
768 1886 1027 1933 laciniatus,
1071 1885 1247 1925 laciniis
1288 1884 1466 1923 circiter
1508 1886 1724 1931 0,1—0,2.5
1764 1881 1939 1922 millim.

319 1954 442 2001 latis,
476 1954 707 1998 convexis,
741 1953 955 1993 torulosis
987 1957 1067 1993 aut
1100 1951 1449 1998 sublinearibUS,
1483 1955 1553 1990 sat
1586 1949 1830 1997 continuis,
1863 1947 1941 1989 ad-

321 2022 490 2075 pressis
513 2026 559 2061 et
582 2021 754 2075 partim
778 2020 977 2067 adnatis,
1003 2021 1050 2060 in
1074 2025 1278 2060 crustam
1304 2021 1412 2058 3—1
1439 2017 1614 2057 millim.
1641 2029 1842 2057 crassam
1865 2015 1940 2056 de-

323 2102 451 2129 mum
485 2088 638 2129 crebre
672 2087 903 2135 confertis,
939 2087 1193 2127 imbricatis
1226 2086 1560 2138 intricatisque,
1597 2083 1803 2138 apicibus
1837 2096 1941 2123 con-

323 2157 466 2204 vexis,
494 2155 685 2204 obtusis,
714 2154 897 2195 adnatis
923 2154 1210 2208 adpressisve
1235 2158 1317 2193 aut
1343 2152 1528 2193 demum
1554 2151 1769 2199 incurvis,
1796 2163 1941 2190 esore-

323 2223 492 2271 diatus,
549 2222 692 2263 isidiis
747 2221 1015 2270 destitutus,
1071 2221 1343 2275 laevigatus,
1401 2217 1940 2271 subtereti-applanatus,

323 2290 510 2330 rhizinis
536 2289 804 2337 destitutus,
832 2302 1026 2343 superne
1051 2293 1098 2329 et
1123 2289 1248 2328 intus
1274 2301 1422 2340 neque
1448 2285 1599 2333 KHO,
1626 2298 1708 2326 nec
1734 2282 1939 2336 CaCl2O2,

325 2371 407 2398 nec
443 2356 512 2397 his
548 2357 753 2397 materiis
794 2357 936 2396 unitis
971 2369 1173 2409 reagens.
1238 2353 1495 2407 Apothecia
1537 2355 1722 2400 l,3--0,7
1764 2349 1940 2390 millim.

325 2425 435 2471 lata,
461 2424 654 2478 peltata,
681 2424 866 2471 sessilia,
894 2422 1038 2463 thallo
1063 2421 1332 2463 concoloria.
1359 2420 1484 2460 disco
1509 2431 1711 2459 concavo
1735 2422 1819 2458 aut
1843 2416 1940 2471 pla-

326 2491 548 2539 niusculo,
579 2492 721 2544 nigro,
752 2489 1049 2531 nitidiusculo
1078 2494 1159 2529 aut
1188 2487 1434 2541 subopaco,
1466 2486 1668 2540 margine
1697 2489 1769 2526 sat
1797 2484 1939 2532 tenui,

326 2558 454 2599 haud
484 2563 565 2598 aut
596 2571 761 2611 parum
791 2558 987 2606 elevato,
1021 2555 1256 2597 crenulato
1289 2559 1369 2595 aut
1400 2555 1593 2607 integro.
1658 2551 1941 2606 Hymenium

326 2626 432 2665 circ.
495 2628 604 2673 0,060
646 2625 821 2665 millim.
866 2637 1083 2671 crassum,
1127 2622 1235 2675 jodo
1278 2621 1576 2675 persistenter
1617 2618 1940 2660 caerulescens.

330 2691 624 2746 Epithecium
650 2691 921 2732 fuscescens.
986 2690 1091 2731 Asci
1117 2689 1209 2730 late
1236 2689 1421 2735 clavati,
1449 2689 1495 2728 in
1522 2687 1649 2741 apice
1672 2684 1941 2726 membrana-

331 2758 508 2800 modice
533 2759 801 2799 incrassata.
867 2758 1037 2811 Sporae
1066 2760 1212 2804 82nae,
1240 2754 1478 2803 distichae,
1504 2753 1748 2801 decolores,
1772 2750 1942 2805 simpli-

328 2840 418 2874 ces,
466 2825 735 2866 membrana
781 2829 853 2866 sat
906 2825 1049 2872 tenui,
1099 2823 1219 2877 long.
1267 2825 1564 2870 0,007-—0,010,
1601 2833 1736 2860 crass.
1775 2822 1944 2866 0,005—

331 2897 440 2941 0,007
474 2892 666 2941 millim.,
689 2891 980 2946 ellipsoideae
1002 2895 1084 2931 aut
1106 2886 1710 2944 subgloboso-ellipsoideae‚
1735 2884 1942 2939 apicibus

329 2959 609 3001 rotundatis.
675 2958 1109 3013 Pycnoconidangia
1146 2956 1290 2997 thallo
1322 2956 1549 2996 immersa.
1615 2951 1801 2994 Basidia
1832 2951 1941 2992 arti-
