1965 3240
303 122 383 159 122
606 131 758 159 ARKIV
788 121 878 159 For<
911 131 1140 161 BOTANIK.
1204 132 1334 160 ΒΑΜ)
1367 124 1406 161 δ’.
1469 133 1549 163 Nto
1581 122 1620 163 4.

414 235 562 289 Supra
584 249 764 276 muscos
786 240 997 278 vetustos
1018 238 1066 278 in
1086 237 1328 292 peninsula
1346 238 1587 280 Jinretlen.

412 302 462 343 F.
521 304 768 341 subtristis
818 304 965 346 Wain.
1029 305 1079 345 L.
1130 306 1471 357 sanquineoatra
1528 321 1624 347 var.
1679 307 1901 360 att-ojasca

297 370 420 410 *var
447 370 720 423 Templetoni
739 371 771 411 f.
794 371 1015 412 subtristis
1035 373 1199 421 VVain„
1223 372 1328 425 Adj.
1352 372 1476 413 Lich.
1500 373 1644 428 Lapp.
1668 373 1716 415 Π
1747 377 1902 427 (1883)

292 451 337 491 p.
366 439 432 477 38.

415 504 692 559 Excipulum
725 504 868 546 dilute
900 505 1156 548 fuscescens
1189 511 1270 547 aut
1302 507 1349 547 in
1381 508 1583 561 margine
1614 507 1898 562 fuligineum,

296 571 432 612 KHO
466 585 559 612 non
592 586 792 626 reagens,
858 573 1203 628 Hypothecium
1238 587 1429 628 superne
1464 574 1644 615 sordide
1677 575 1900 617 violaceo-

283 639 551 679 fuscescens
589 643 669 680 aut
705 641 876 694 partim
912 654 1199 695 cyanescens,
1237 641 1412 682 inferne
1449 641 1592 682 dilute
1627 641 1898 691 fuscescens,

293 706 432 747 KHO
478 720 571 747 non
617 720 819 760 reagens.
884 707 1167 762 Hymenium
1199 709 1301 749 circ.
1338 712 1447 757 0,080
1479 708 1653 749 millim.
1689 723 1904 759 crassum,

292 773 468 813 inferne
497 787 771 827 cyanescens
804 774 957 826 (KHO
985 775 1175 816 dilutius
1202 775 1493 827 coloratum),
1522 775 1631 828 jodo
1656 777 1904 830 persisten-

287 844 364 881 ‘ter
402 840 723 882 caerulescens
788 841 1081 896 Epithecium
1118 843 1388 883 fuscescens.
1452 842 1738 897 Paraphyses
1778 847 1902 885 arcte

294 907 602 957 cohaerentes,
631 912 805 957 tenues,
833 911 960 963 apice
985 910 1147 951 leviter
1171 911 1464 959 incrassatae,
1491 923 1558 963 pr.
1585 924 1629 964 p.
1658 910 1898 965 simplices,

291 988 360 1028 pr.
394 989 438 1029 p.
471 976 734 1029 parcissime
766 990 1214 1018 ramoso—connexae.
1280 977 1449 1031 Sporae
1484 980 1628 1026 81nae,
1663 977 1899 1027 distichae,

293 1041 538 1091 decolores,
575 1042 797 1097 oblongae
831 1048 913 1084 aut
946 1044 1249 1098 ellipsoideae,
1286 1044 1492 1098 apicibus
1526 1044 1717 1094 obtusis,
1752 1058 1820 1099 pr.
1855 1059 1900 1099 p.

293 1109 535 1163 simplices,
573 1123 641 1165 pr.
688 1125 732 1164 p.
785 1114 1051 1165 l-septatae,
1093 1111 1213 1165 long.
1244 1115 1542 1160 0,009-0,014,
1571 1125 1705 1152 crass.
1735 1115 1907 1161 0,004-—

293 1179 404 1224 0,005
440 1177 615 1218 millim.
650 1202 708 1206 —
734 1178 965 1232 Hymenio
999 1178 1173 1219 inferne
1203 1182 1502 1233 cyanescente
1524 1182 1571 1219 et
1592 1178 1700 1232 jodo
1722 1179 1902 1220 caerule-

293 1247 448 1284 scente
477 1258 504 1284 a
532 1259 575 1285 v.
609 1245 882 1298 Templetoni
910 1245 1081 1286 differt.

410 1310 483 1351 Ad
507 1311 692 1365 plantas
713 1312 970 1353 destructas
990 1313 1038 1353 in
1057 1314 1237 1367 regione
1258 1314 1480 1365 orientem
1500 1326 1656 1354 versus
1677 1327 1704 1354 a
1722 1312 1901 1354 lacunis

292 1378 383 1419 sita
405 1392 547 1433 prope
571 1378 781 1420 Pitlekai.

414 1448 480 1487 27.
544 1448 592 1484 L.
637 1447 910 1494 diapensiae
951 1447 1032 1488 Th.
1075 1447 1163 1495 Fr„
1206 1447 1330 1488 Lich.
1373 1447 1497 1488 Arct.
1543 1449 1696 1500 (1860)
1726 1462 1772 1502 p.
1808 1450 1903 1497 209,

293 1511 419 1553 Lich.
455 1513 619 1555 Scand.
655 1514 703 1554 Π
738 1517 891 1566 (1874)
928 1529 972 1568 p.
1010 1517 1109 1564 4393
1143 1514 1265 1569 Nyl.,
1297 1514 1422 1555 Lich.
1458 1515 1601 1569 Lapp.
1638 1514 1712 1556 Or.
1748 1516 1901 1567 (1866)

283 1594 336 1633 p.
373 1583 470 1629 144,
491 1579 691 1634 Almqu.,
713 1580 838 1622 Lich.
860 1581 1004 1622 Iaktt.
1027 1581 1118 1624 Sib.
1145 1584 1297 1634 (1879)
1317 1596 1361 1635 p.
1386 1584 1455 1630 483
1477 1581 1682 1622 Deichm.
1706 1581 1898 1631 Branth,

291 1646 420 1687 Lich.
445 1647 520 1688 Isl.
550 1650 702 1700 (1903)
724 1662 767 1702 p.
795 1651 890 1689 213.
955 1650 1140 1690 Βίαίονα
1161 1648 1318 1697 Tuck,
1342 1649 1450 1703 Syn.
1474 1648 1625 1690 North
1645 1648 1746 1689 Am.
1774 1648 1900 1689 Lich.

293 1714 343 1755 Π
370 1716 524 1767 (1888)
544 1729 588 1769 p.
615 1718 681 1756 22.

413 1781 599 1823 Thallus
623 1797 898 1824 evanescens
923 1787 1004 1824 aut
1028 1784 1337 1831 tenuissimus,
1364 1782 1558 1832 albidus,
1584 1782 1694 1823 folia
1717 1786 1904 1824 vetusta

290 1848 570 1903 Diapensiae
623 1849 868 1899 obducens,
917 1865 973 1892 ex
1021 1850 1187 1905 hyphis
1222 1854 1502 1899 0,003--0,002
1535 1849 1709 1890 millim.
1745 1850 1904 1891 crassis

281 1915 532 1965 formatus,
577 1919 749 1971 passim
791 1918 1064 1972 glomerulos
1106 1917 1395 1971 gonidiorum
1426 1916 1903 1971 cystococcoideorum

291 1984 544 2024 continens.
610 1984 806 2025 Gonidia
829 1985 1030 2039 globosa,
1056 1985 1471 2033 flavovirescentia,
1498 1984 1734 2039 simplicia,
1761 1984 1899 2025 diam.

293 2054 578 2100 0,010—0,018
630 2052 821 2100 minim,
875 2052 1143 2093 membrana
1193 2056 1265 2093 sat
1303 2065 1466 2092 crassa.
1531 2050 1786 2106 Apothecia
1823 2050 1902 2092 ad-

289 2131 462 2171 pressa,
508 2121 699 2168 O,5—l,5
726 2119 900 2160 millim.
928 2119 1038 2169 lata,
1065 2119 1195 2160 fusca
1221 2123 1302 2160 aut
1327 2119 1621 2173 fusco-nigra,
1649 2132 1794 2173 opaca
1819 2122 1901 2159 aut

289 2184 505 2234 nitidula,
525 2185 665 2235 nuda,
687 2186 811 2227 disco
829 2187 968 2241 plano
987 2190 1069 2227 aut
1088 2186 1275 2227 demum
1294 2199 1514 2235 convexo,
1535 2187 1738 2240 margine
1757 2186 1898 2234 tenui,

289 2265 425 2305 saepe
468 2252 654 2293 demum
695 2253 893 2294 excluso.
958 2253 1236 2308 Excipulum
1265 2266 1560 2307 purpureum,
1594 2254 1641 2293 in
1671 2256 1802 2307 parte
1832 2253 1900 2293 in-

279 2318 450 2360 feriore
480 2319 583 2373 plus
613 2321 822 2361 minusve
851 2320 944 2362 late
974 2320 1198 2375 pallidum
1228 2320 1613 2368 decoloratumve,
1645 2333 1702 2360 ex
1731 2318 1899 2374 hyphis

289 2385 579 2427 radiantibus
624 2387 951 2441 conglutinatis
994 2388 1261 2435 formatum,
1309 2386 1589 2428 cavitatibus
1635 2386 1900 2427 cellularum

287 2452 498 2507 oblongis
533 2458 615 2494 aut
648 2467 715 2508 pr.
748 2468 792 2508 p.
816 2454 1103 2509 ellipsoideis,
1121 2457 1404 2503 0,003—0,002
1426 2453 1599 2494 millim.
1622 2453 1743 2502 latis,
1760 2450 1901 2494 mem-

289 2519 444 2560 branis
463 2520 639 2562 modice
656 2522 932 2562 incrassatis.
998 2521 1346 2576 Hypothecium
1363 2521 1619 2562 violaceum
1637 2523 1718 2561 aut
1737 2533 1900 2574 cyane-

287 2587 713 2629 scenti-fuscescens
743 2592 823 2629 aut
851 2588 1428 2643 fuscescenti-purpureum
1457 2591 1539 2629 aut
1567 2587 1741 2628 inferne
1768 2586 1899 2641 palli-

290 2653 416 2702 dum,
441 2668 498 2694 ex
518 2653 686 2709 hyphis
707 2655 1013 2709 irregulariter
1035 2656 1264 2696 contextis
1285 2655 1550 2696 formatum.
1616 2653 1898 2708 Hymenium

289 2721 393 2761 circ.
449 2723 731 2770 O‚080—0,060
782 2722 956 2762 millim.
1008 2736 1225 2771 crassum,
1265 2722 1373 2775 jodo
1410 2722 1708 2776 persistenter
1744 2732 1897 2761 caeru-

287 2787 475 2828 lescens.
541 2788 834 2842 Epithecium
864 2787 1007 2830 dilute
1037 2802 1318 2843 purpureum
1348 2793 1430 2829 aut
1458 2787 1894 2843 pallido—rufescens,

291 2858 439 2895 strato
465 2854 733 2908 gelatinoso,
762 2855 982 2905 decolore,
1012 2857 1244 2904 continuo,
1273 2856 1400 2896 tenui
1428 2854 1695 2896 obductum.
1759 2853 1897 2894 Para-

280 2920 458 2975 physes
483 2926 606 2963 arcte
631 2922 938 2972 cohaerentes,
965 2926 1140 2972 tenues,
1166 2923 1293 2977 apice
1316 2935 1481 2976 parum
1505 2922 1796 2969 incrassatae,
1822 2933 1895 2961 su-
