1965 3240
275 159 333 196 58
577 167 731 196 ARKIV
760 157 855 195 1⁴⁷6ss
885 167 1114 196 BOTANIK.
1177 168 1309 196 BAND
1341 158 1380 197 8.
1445 169 1525 198 N:o
1557 157 1598 199 4.

397 274 544 327 Supra
575 273 761 327 plantas
794 272 1055 314 destructas
1087 275 1134 315 in
1165 274 1408 329 peninsula
1436 275 1677 316 Jinretlen.
1712 275 1835 317 Fert.

396 341 501 382 Var.
555 342 777 379 humilior
826 340 949 395 Nyl.,
1003 340 1129 382 Lich.
1181 342 1326 397 Lapp.
1378 342 1452 383 Or.
1508 344 1662 395 (1866)
1711 357 1755 397 p.
1796 347 1894 393 141;

277 408 360 448 Th.
387 407 476 456 Fu,
504 407 629 448 Lich.
657 407 822 450 Scand.
855 410 1009 461 (1871)
1034 423 1078 463 p.
1108 412 1204 449 310.
1720 418 1722 421 ’

395 475 582 516 Thallus
617 475 753 517 KHO
788 478 881 517 non
914 490 1116 530 reagens.
1182 477 1594 518 Pseudostromata
1626 477 1769 519 latere
1803 492 1895 519 non

275 544 525 597 reagentia,
556 544 684 598 apice
711 543 875 584 leviter
900 543 1203 585 flavescentia
1229 548 1276 585 et
1303 545 1490 585 demum
1518 544 1736 586 olivacea.
1756 570 1813 574 —
1839 545 1894 586 In

275 611 523 664 specimine
561 611 770 665 originali
807 610 838 651 f.
879 611 1135 652 humilioris
1172 611 1278 666 Nyl.
1325 613 1388 664 (in
1426 625 1542 652 mus.
1581 611 1723 653 Fenn.
1764 616 1810 653 et
1847 626 1891 653 n.

278 680 421 718 23025
454 679 502 718 in
536 677 662 718 herb.
700 678 831 732 Nyl.)
867 678 1274 732 pseudostromata
1308 679 1481 720 sessilia
1516 683 1598 720 aut
1633 679 1894 721 subsessilia

274 749 358 786 aut
399 745 601 786 breviter
642 746 871 800 stipitata,
916 745 1053 786 KHO
1093 745 1396 787 flavescentia
1433 749 1531 798 (nec
1563 746 1891 800 rubescentia)‚

274 812 400 853 disco
428 812 776 867 apotheciorum
803 814 1088 867 nigrescente
1116 817 1198 854 aut
1225 814 1406 855 sordide
1432 814 1724 868 pallescente.

391 879 463 920 Ad
502 880 688 934 plantas
728 880 990 921 destructas
1029 894 1171 935 prope
1211 895 1383 935 pagum
1424 881 1622 923 Pitlekai
1661 886 1708 922 ct
1747 895 1890 937 prope

272 948 423 988 sinum
447 947 760 1000 Koljutschin.
797 948 912 990 Ster.

391 1015 495 1056 Var.
533 1017 818 1054 subhumilis
850 1015 998 1057 Wain.

390 1081 577 1123 Thallus
616 1082 752 1123 KHO
792 1082 918 1124 haud
957 1082 1174 1124 distincte
1212 1097 1414 1137 reagens.
1480 1082 1891 1125 Pseudostromata

270 1150 445 1191 sessilia
475 1154 557 1191 aut
586 1149 789 1191 breviter
818 1151 1047 1204 stipitata,
1080 1150 1217 1192 KHO
1247 1151 1389 1192 latere
1418 1151 1582 1192 leviter
1598 1151 1886 1200 lutescentia,

270 1218 399 1272 apice
421 1218 623 1272 primum
645 1217 921 1258 lutescentia
943 1222 989 1259 et
1013 1218 1200 1259 demum
1222 1218 1807 1272 ferrugineo-rubescentia.
1833 1244 1891 1248 —-

273 1285 453 1325 Habitu
484 1286 671 1325 omnino
702 1285 861 1326 similis
890 1289 961 1326 est
990 1285 1043 1326 P.
1075 1285 1408 1339 subclactylz'nac
1437 1285 1542 1340 Nyl.
1581 1285 1665 1338 (Fl.
1703 1289 1813 1326 1885
1841 1301 1886 1340 p.

273 1355 370 1401 603,
403 1352 570 1393 Enum.
602 1352 728 1393 Lich.
759 1352 882 1393 Fret.
915 1352 1066 1401 Behr.,
1103 1356 1227 1402 1888,
1257 1368 1301 1407 p.
1336 1356 1403 1401 64,
1434 1367 1478 1393 n.
1513 1355 1654 1393 22990
1681 1354 1728 1394 in
1756 1353 1883 1394 herb.

270 1419 415 1474 Nyl.),
448 1421 579 1472 cujus
606 1412 1014 1474 pseudostromata
1042 1420 1178 1461 KHO
1207 1421 1523 1469 violascentia,
1553 1425 1600 1462 et
1629 1434 1747 1474 quae
1774 1422 1886 1462 item

268 1488 467 1528 variatio
500 1491 569 1528 est
602 1488 654 1527 P.
689 1487 952 1541 dactylium.
1018 1487 1294 1529 Reactiones
1328 1488 1463 1529 KHO
1495 1489 1542 1528 in
1574 1489 1627 1528 P.
1661 1488 1886 1541 dactylina

269 1554 525 1608 productae
552 1556 870 1596 inconstantes
899 1559 1022 1596 sunt.

387 1621 461 1663 Ad
495 1622 774 1676 vegetabilia
809 1622 1047 1664 destructa
1080 1623 1128 1663 in
1162 1623 1403 1677 peninsula
1435 1623 1677 1664 Jinretlen.
1714 1623 1828 1665 Ster.

391 1692 428 1730 3.
493 1692 539 1729 P.
571 1692 942 1740 trachydactyla
973 1691 1121 1732 Wain.
1161 1693 1221 1743 (n.
1256 1692 1361 1745 sp.).

387 1757 574 1798 Thallus
597 1757 900 1798 crassitudine
923 1757 1177 1807 mediocris,
1203 1758 1551 1805 subcontinuuS,
1577 1757 1889 1798 verruculoso-

267 1824 537 1878 inaequalis,
569 1824 764 1873 albidus,
796 1825 932 1866 KHO
961 1839 1054 1866 non
1081 1839 1283 1879 reagens,
1315 1825 1502 1865 demum
1529 1824 1672 1865 isidiis
1700 1825 1887 1865 omnino

264 1891 496 1938 obtectus,
549 1891 824 1947 hypothallo
874 1893 1028 1933 albido
1077 1906 1242 1947 parum
1293 1893 1526 1933 distincto.
1592 1891 1733 1932 Isidia
1783 1893 1885 1932 circ.

269 1962 383 1998 5—4
425 1959 600 2000 millim.
647 1959 756 2009 alta,
802 1963 994 2010 Qss-—Qss
1031 1960 1205 2001 millim.
1246 1974 1410 2008 crassa,
1450 1959 1594 2000 thallo
1632 1959 1890 2000 concoloria

262 2030 349 2067 aut
393 2026 731 2080 glaucescentia
775 2028 1177 2076 cinerascentiave,
1224 2027 1531 2081 irregulariter
1575 2026 1887 2068 verruculoso-

265 2094 541 2147 inaequalia,
595 2094 950 2149 subcylindrica,
1003 2095 1459 2149 fastigiato-ramosa,
1513 2093 1667 2135 crebre
1719 2095 1886 2134 consti-

265 2164 380 2214 pata
396 2165 443 2202 et
459 2162 631 2215 partim
647 2162 789 2203 latere
807 2162 1105 2211 confluentia,
1125 2161 1332 2217 apicibus
1348 2161 1612 2202 rotundatis
1635 2163 1698 2213 (et
1714 2175 1885 2215 pycno-

262 2228 540 2282 conidangia
557 2229 675 2270 male
692 2229 881 2270 evoluta
891 2229 1204 2283 juveniliaque
1215 2230 1490 2283 nigricantia
1501 2228 1883 2281 continentibus),

266 2295 403 2336 KHO
439 2300 487 2336 et
528 2296 719 2349 CaCl2O2
755 2300 802 2337 et
836 2296 906 2337 his
934 2298 1179 2351 reagentiis
1202 2297 1344 2337 unitis
1367 2310 1515 2350 neque
1538 2297 1677 2344 intus,
1703 2309 1785 2336 nec
1807 2310 1884 2336 ex-

265 2366 340 2403 tus
360 2364 608 2417 reagentia.
673 2363 874 2404 Medulla
894 2364 1002 2417 jodo
1022 2378 1114 2404 non
1133 2377 1335 2418 reagens.
1401 2363 1551 2404 Isidiis
1572 2362 1881 2411 crassioribus,

264 2430 916 2484 verruculoso-inaequalibus‚
952 2431 1087 2472 KHO
1118 2445 1212 2471 non
1242 2430 1535 2484 reagentibus
1567 2444 1594 2470 a
1624 2429 1677 2470 P.
1711 2430 1884 2471 oculata

270 2496 469 2549 (Dicks.)
494 2501 541 2538 et
566 2497 618 2538 P.
645 2498 862 2539 corallz'na
892 2498 983 2550 (L.)
1008 2497 1182 2539 differt.
1248 2498 1497 2545 Incertum,
1525 2511 1642 2537 anne
1667 2496 1727 2537 ad
1750 2496 1879 2551 subg.

263 2563 582 2605 Lecanastrmn
602 2566 848 2619 pertineat.

384 2631 504 2672 Saxo
535 2631 638 2672 laxe
670 2632 816 2672 affixa
846 2633 893 2673 in
924 2632 1166 2686 peninsula
1193 2632 1434 2673 Jinretlen.
1472 2632 1587 2673 Ster.

385 2702 422 2738 4.
488 2700 534 2737 P.
565 2701 949 2748 brachydactyla
983 2700 1132 2741 Wain.
1167 2701 1226 2751 (n.
1255 2701 1361 2753 sp.).

383 2765 570 2806 Thallus
637 2767 803 2815 tenuis,
872 2766 1222 2815 subcontinuus,
1292 2764 1876 2818 verruculoso-inaequalis,

259 2831 457 2881 albidus,
491 2832 626 2874 KHO
651 2846 744 2873 non
767 2847 970 2887 reagens.
1035 2833 1446 2874 Pseudostromata
1470 2833 1572 2873 circ.
1600 2835 1749 2881 O,4—l
1777 2831 1876 2872 mil-

263 2898 356 2939 lim.
403 2913 567 2947 crassa,
613 2900 1024 2949 mammaeformia,
1070 2900 1294 2954 simplicia
1337 2903 1419 2940 aut
1461 2913 1543 2953 pro
1580 2903 1711 2953 parte
1747 2901 1878 2938 2—5-

261 2966 489 3020 papillata
508 2966 569 3006 -di
575 2967 798 3020 gitatave,
815 2967 988 3008 sessilia
1008 2971 1090 3008 aut
1111 2967 1312 3008 breviter
1326 2967 1554 3020 stipitata,
1574 2965 1705 3006 basin
1719 2978 1877 3006 versus
