1965 3240
234 151 275 179 E.
309 150 508 187 WAINIO,
541 148 780 179 LICHENES
811 147 963 177 PROPE
995 147 1222 176 PITLEKAI
1253 148 1495 178 COLLECTI.
1638 141 1691 179 79

71 257 208 300 KHO
243 257 472 298 lutescens
507 262 554 297 et
590 256 778 297 demum
813 254 1173 309 praecipitatum
1199 253 1390 295 rubrum
1426 256 1692 296 tenuissime

70 326 325 366 farinosum
374 328 539 378 (neque
583 322 802 378 crystalla
845 321 1111 373 acicularia)
1154 321 1375 370 formans,
1421 322 1695 376 hypothallo

70 394 214 447 nigro,
246 393 365 433 circa
396 391 641 446 apothecia
671 391 932 445 conspicuo.
998 388 1346 443 Hypothecium
1377 404 1570 444 superne
1601 404 1694 431 sor-

70 459 176 501 dide
206 459 446 514 pallidum,
480 458 654 500 inferne
685 458 788 512 plus
820 458 1029 498 minusve
1060 456 1153 497 late
1184 456 1456 498 fuscescens.
1522 458 1694 511 Sporae

73 530 219 576 8:nae,
249 526 488 573 distich-ae,
526 529 793 580 l-septatae,
822 525 992 573 fuscae,
1022 523 1148 565 haud
1175 528 1257 565 aut
1284 523 1447 565 leviter
1474 526 1693 566 constric-

71 599 162 640 tae,
216 593 523 648 ellipsoideae,
574 592 782 648 apicibus
824 591 1103 640 rotundatis,
1137 591 1407 632 membrana
1438 592 1696 646 aequaliter

70 661 248 703 modice
272 662 542 701 incrassata.

188 728 294 770 Var.
327 730 588 777 paraleuca
619 728 768 769 XVain.

189 795 514 837 Parathecium
538 795 665 837 haud
687 795 942 837 evolutum.
1008 794 1357 850 Hypothecium
1381 808 1575 849 superne
1599 809 1693 836 sor-

70 863 176 906 dide
213 862 453 918 pallidum,
493 863 668 904 inferne
707 863 858 904 medio
895 863 1168 904 fuscescens.
1233 861 1492 917 Apothecia
1529 862 1694 903 habitu

71 930 398 986 aspicilioidea.
455 955 512 959 —
567 930 862 984 Epithecium
915 930 1354 984 fusco-fuligineum,
1411 929 1548 971 KHO
1602 944 1695 971 non

69 1012 272 1054 reagens.
338 997 687 1052 Hypothecium
721 998 857 1039 KHO
891 998 1036 1039 dilute
1068 997 1340 1038 fuscescens.
1406 997 1695 1052 Paraphyses

70 1071 144 1109 sat
172 1066 275 1107 laxe
297 1065 608 1114 cohaerentes,
627 1067 754 1119 apice
777 1065 1001 1107 clavatae.
1066 1065 1236 1120 Sporae
1251 1064 1372 1119 long.
1391 1068 1689 1115 0,011—0,016,

70 1148 208 1176 crass.
253 1136 536 1182 0,005—0,008
579 1132 754 1173 millim.
819 1132 1077 1187 Apothecia
1117 1133 1313 1182 minuta,
1359 1134 1462 1173 circ.
1501 1136 1696 1182 O,4—O,2

71 1201 249 1244 millim.
273 1201 384 1250 lata,
410 1200 555 1241 thallo
579 1202 808 1249 immersa,
834 1200 959 1242 disco
982 1201 1126 1255 nigro,
1151 1199 1291 1249 nudo,
1315 1200 1470 1255 plano,
1496 1200 1694 1241 thallum

72 1269 199 1311 haud
225 1273 487 1324 supera-nte,
517 1268 706 1309 demum
732 1268 967 1309 interdum
994 1268 1166 1309 annulo
1192 1281 1359 1322 parum
1385 1269 1691 1322 prominente,

70 1337 340 1392 nigricante,
379 1336 720 1390 angustissimo,
760 1335 905 1376 thallo
941 1335 1157 1385 formato,
1197 1335 1258 1376 ad
1292 1336 1439 1376 instar
1476 1336 1694 1390 marginis

71 1403 373 1446 circumdata.
439 1403 633 1444 Reactio
688 1402 824 1444 KHO
879 1402 1108 1458 producta
1161 1417 1309 1457 neque
1363 1404 1411 1444 in
1465 1403 1693 1444 solutione

70 1473 207 1514 nimis
235 1485 424 1526 aquosa,
454 1485 536 1512 nec
565 1471 612 1511 in
640 1471 867 1512 solutione
895 1472 1031 1511 nimis
1060 1470 1329 1512 abundante
1358 1470 1504 1511 videri
1520 1475 1692 1525 potest,

72 1544 123 1581 at
161 1540 210 1580 in
248 1539 510 1594 fragmento
551 1538 685 1579 thalli
725 1539 970 1587 exsiccato,
1012 1539 1277 1593 parcissime
1318 1538 1546 1579 solutione
1587 1551 1696 1579 con-

72 1611 284 1649 centrata
315 1606 586 1648 humectato
619 1607 954 1660 macroscopice
987 1612 1033 1647 et
1066 1605 1151 1646 sub
1184 1606 1484 1660 microscopio
1517 1607 1692 1661 optime

72 1675 361 1716 observatur.

187 1742 262 1783 Ad
306 1741 509 1797 lapidem
555 1743 833 1796 graniticum
882 1743 929 1782 in
969 1742 1150 1795 regione
1191 1740 1429 1782 meridiem
1469 1754 1627 1782 versus
1668 1755 1695 1781 a

67 1824 188 1865 pago
211 1809 411 1851 Pitlekai
433 1811 537 1850 sita.
602 1809 725 1850 Fert.

186 1878 292 1919 Var.
330 1880 606 1927 paraphaea
637 1877 788 1918 W'ain.

188 1945 514 1986 Parathecium
547 1944 686 1999 vulgo
719 1945 822 1999 plus
856 1945 1065 1984 minusve
1099 1943 1353 1991 evolutum,
1389 1942 1697 1997 fusco-fuligi-

67 2027 220 2055 neum.
286 2012 635 2067 Hypothecium
683 2025 877 2067 superne
923 2010 1105 2052 sordide
1138 2010 1377 2065 pallidum,
1413 2010 1588 2051 inferne
1622 2010 1699 2051 fu*

68 2094 288 2136 scescens.
332 2080 590 2135 Apothecia
612 2094 696 2135 pro
718 2084 851 2134 parte
874 2078 1040 2119 habitu
1062 2078 1299 2119 lecideina.
1325 2103 1383 2107 -—
1405 2077 1692 2132 Hymenium

69 2149 173 2190 circ.
228 2151 512 2198 O‚060—0,070
564 2147 739 2188 millim.
794 2160 1012 2194 crassum,
1052 2145 1161 2199 jodo
1198 2146 1498 2200 persistenter
1535 2158 1693 2186 caeru-

67 2215 255 2258 lescens.
319 2215 617 2270 Epithecium
670 2214 1088 2268 fuscofuligineum,
1146 2212 1283 2254 KHO
1338 2226 1432 2254 non
1485 2226 1689 2267 reagens.

69 2283 420 2338 Hypothecium
444 2282 581 2324 KHO
606 2296 699 2323 non
721 2295 924 2336 reagens.
991 2280 1281 2336 Paraphyses
1305 2285 1377 2321 sat
1401 2279 1504 2321 laxe
1529 2279 1692 2321 cohae-

67 2355 235 2400 rentes,
268 2352 397 2406 apice
428 2350 653 2392 clavatae.
717 2349 887 2404 Sporae
917 2348 1038 2403 long.
1078 2351 1375 2397 0,010—0,014,
1409 2361 1546 2388 crass.
1581 2350 1697 2397 0,00-5

68 2421 238 2468 —0‚007
292 2418 468 2459 mjllim.
532 2417 790 2472 Apothecia
844 2417 1038 2464 minuta,
1095 2419 1288 2464 O,5—O,2
1347 2414 1523 2456 millim.
1578 2414 1690 2463 lata,

68 2485 214 2527 thallo
260 2487 477 2527 immersa
524 2489 606 2527 aut
652 2498 755 2525 raro
787 2484 974 2525 demum
1005 2483 1349 2532 semiimmersa,
1383 2482 1508 2523 disco
1543 2483 1688 2536 nigro,

70 2553 212 2603 nudo,
239 2553 393 2607 plano,
422 2552 621 2594 thallum
647 2551 773 2593 haud
799 2554 1046 2606 superante
1073 2554 1155 2592 aut
1180 2563 1284 2591 raro
1310 2549 1499 2591 demum
1524 2549 1690 2591 leviter

71 2624 347 2675 emergente,
383 2621 587 2675 margine
606 2620 753 2660 rarius
783 2618 909 2659 nullo
943 2617 1178 2666 distincto,
1214 2617 1353 2672 vulgo
1387 2617 1531 2666 tenui,
1569 2620 1688 2665 atro,

0 2727 28 2743 Β,
68 2689 262 2742 integro,
292 2689 598 2742 prominente,
630 2686 829 2727 thallum
856 2690 904 2726 et
934 2685 1112 2726 discum
1141 2688 1402 2740 superante.
1467 2683 1688 2725 Parathe-

70 2756 194 2796 cium
219 2755 644 2809 fusco-fuligineum
671 2753 774 2808 plus
803 2754 1014 2794 minusve
1041 2752 1283 2794 evolutum
1311 2756 1394 2793 aut
1422 2765 1514 2792 uno
1543 2751 1690 2792 latere

69 2822 144 2864 vel
180 2823 327 2863 rarius
365 2823 553 2863 omnino
592 2820 824 2862 deficiens.
888 2819 1076 2861 Thallus
1113 2819 1253 2874 vulgo
1292 2820 1589 2860 cinerascens.
1632 2842 1693 2847 —-·

71 2889 200 2931 Haec
230 2890 429 2930 variatio
459 2890 507 2930 in
531 2888 755 2930 Buelliam
776 2888 959 2937 transit,
984 2891 1034 2928 at
1057 2901 1085 2928 a
1106 2887 1163 2928 M
1166 2885 1480 2940 danaspicilia
1502 2884 1697 2930 evoluta

71 2960 156 2998 est.
221 2956 291 2997 M.
317 2955 478 2998 dubiae
494 2955 650 2997 affinis
664 2959 734 2996 est
751 2954 807 2995 M
810 2954 1124 3008 elanaspicilia
1137 2953 1334 2996 aethalea
1353 2952 1508 3006 (Ach.)
1523 2952 1693 3000 Wain.,
