1965 3240
284 143 363 181 124
585 151 737 179 ARKIV
766 140 860 179 Fon
890 150 1119 179 BOTANIK.
1180 150 1311 179 ΒΑΜ)
1343 139 1382 179 8.
1444 150 1524 179 N:o
1555 138 1595 180 4.

280 258 510 305 convexis,
542 256 1029 310 elevato-marginatis,
1063 256 1216 304 fuscis,
1250 256 1422 305 nitidis,
1457 260 1530 296 sat
1561 256 1778 298 tenuibus
1809 262 1896 298 aut

279 323 581 365 crassitudine
604 323 923 372 mediocribus,
949 337 1088 378 supra
1110 322 1435 377 hypothallum
1456 324 1639 377 nigrum
1655 323 1770 365 bene
1786 338 1894 365 evo-

276 391 429 432 lutum
454 395 501 432 et
525 392 698 445 partim
722 391 899 431 minute
925 390 1181 431 areolatum
1206 389 1411 430 increbre
1437 390 1664 445 dispersis,
1691 390 1896 433 medulla

278 459 388 511 jodo
437 472 530 499 non
575 461 804 512 reagente.
868 457 1125 512 Apothecia
1158 457 1344 498 demum
1377 457 1565 506 adnata,
1599 457 1699 498 basi
1728 458 1896 500 leviter

277 527 542 574 constricta,
592 528 742 574 1-0,5
774 524 951 565 millim.
986 525 1097 573 lata,
1134 524 1436 565 crassitudine
1470 524 1731 574 mediocria,
1767 525 1895 567 disco

274 592 414 647 plano
451 597 533 633 aut
570 592 756 633 demum
792 592 956 633 leviter
992 605 1212 639 convexo,
1250 592 1519 645 nigricante,
1556 591 1692 642 laevi,
1729 592 1896 634 leviter

276 665 358 701 aut
389 674 554 715 parum
585 659 747 708 nitido,
781 659 920 708 nudo,
954 660 1157 713 margine
1189 660 1332 707 tenui,
1366 663 1482 708 atro,
1515 659 1679 708 nitido,
1713 659 1894 701 discum

276 727 402 769 haud
441 732 701 781 supera-nte.
766 726 1045 781 Excipulum
1085 731 1221 766 extus
1258 726 1442 767 fuscum
1482 730 1564 767 aut
1602 726 1891 781 fuligineum,

272 796 399 836 intus
433 795 640 835 albidum
672 798 754 835 aut
787 794 968 835 sordide
999 793 1224 848 pallidum
1257 797 1303 834 et
1335 793 1443 846 jodo
1477 793 1801 843 caerulescens‚
1835 808 1894 835 ex

275 861 444 917 hyphis
468 861 759 903 radiantibus
785 861 1113 915 conglutinatis
1139 864 1212 901 sat
1228 860 1620 914 leptodermaticis
1639 861 1894 902 formatum

274 929 470 983 gonidiis
493 929 785 969 destitutum.
851 927 1199 982 Hypothecium
1222 927 1430 968 albidum
1453 932 1536 968 aut
1558 928 1739 969 sordide
1759 928 1892 983 palli-

273 997 398 1045 dum,
429 996 537 1050 jodo
573 996 895 1037 caerulescens.
961 996 1245 1050 Hymenium
1282 996 1385 1035 circ.
1426 999 1537 1044 0,040
1563 995 1740 1036 millim.
1771 1009 1890 1036 cras-

274 1078 389 1113 sum,
406 1064 515 1117 jodo
528 1064 827 1118 persistenter
845 1062 1167 1103 caerulescens.
1196 1062 1490 1116 Epithecium
1504 1063 1791 1117 aeruginoso-
1809 1067 1893 1104 aut

273 1132 496 1172 olivaceo-
517 1136 600 1172 aut
668 1130 1461 1184 caeruleofuscescenti-fuligineum,
1495 1129 1623 1171 HN(
1633 1149 1650 1173 3
1700 1129 1890 1185 pulchre
1962 1145 1965 1149 ·

271 1199 538 1239 violascens.
604 1197 893 1252 Paraphyses
947 1201 1056 1245 0,001
1102 1197 1276 1237 millim.
1325 1210 1517 1246 crassae,
1558 1198 1687 1251 apice
1723 1211 1891 1252 parum

271 1267 538 1314 incrassate,
575 1279 712 1320 parce
747 1278 1199 1312 ramoso-connexae,
1238 1265 1441 1305 maxima
1475 1268 1609 1318 parte
1645 1264 1889 1319 simplices,

271 1338 398 1374 arcte
436 1333 745 1380 cohaerentes,
785 1333 833 1372 in
869 1331 1006 1372 KHO
1042 1331 1145 1372 laxe
1183 1331 1492 1372 cohaerentes.
1556 1331 1663 1372 Asci
1701 1331 1889 1372 clavati.

273 1401 443 1455 Sporae
480 1404 624 1448 8:11ae,
659 1399 897 1448 distichae,
931 1398 1172 1452 simplices,
1207 1398 1450 1447 decolores,
1485 1398 1775 1453 ellipsoideae
1807 1403 1891 1439 aut

271 1468 508 1522 oblongae,
582 1460 789 1521 apicibus
857 1466 1136 1513 rotundatis,
1200 1466 1320 1520 long.
1390 1469 1686 1515 0,008—0,014,
1751 1479 1889 1507 crass.

273 1539 579 1584 0,0035⁷—0,005
620 1534 795 1574 millim.
839 1559 897 1563 ——
930 1533 1100 1573 Affinis
1133 1533 1183 1573 L.
1219 1533 1521 1586 leucophaeae,
1553 1547 1579 1574 a
1607 1547 1699 1587 qua
1726 1533 1889 1574 areolis

270 1602 403 1643 thalli
435 1603 662 1650 concavis,
688 1602 959 1655 marginatis
984 1600 1155 1648 differt,
1182 1604 1229 1640 et
1252 1599 1416 1640 habitu
1440 1614 1598 1640 versus
1621 1600 1672 1640 L.
1699 1614 1890 1653 pauper-

270 1670 413 1710 culam
435 1669 701 1710 accendens.
753 1669 803 1709 L.
820 1668 1177 1709 subtristiuscula
1190 1666 1312 1721 Nyl„
1329 1667 1395 1707 Fl.
1419 1670 1529 1706 1885
1541 1681 1586 1721 p.
1606 1670 1701 1715 444,
1720 1667 1886 1707 Enum.

270 1736 396 1777 Lich.
425 1736 462 1777 F
465 1741 549 1777 ret.
580 1736 713 1776 Behr.
742 1750 786 1790 p.
822 1738 873 1775 12
905 1738 1015 1787 (35),
1045 1734 1206 1775 areolis
1232 1734 1364 1774 thalli
1391 1733 1581 1775 obscure
1609 1735 1889 1774 cinerascen-

270 1803 410 1852 tibus,
449 1804 785 1857 immarginatis
811 1802 869 1843 ab
895 1816 949 1843 ea
974 1802 1146 1850 differt,
1174 1805 1223 1842 at
1248 1802 1287 1842 ei
1313 1801 1468 1841 affinis
1493 1802 1552 1841 sit
1584 1804 1644 1852 (n.
1677 1803 1818 1841 15366
1841 1805 1889 1842 et

276 1874 416 1911 15368
440 1872 487 1911 in
511 1871 637 1911 herb.
665 1870 811 1925 Nym.
876 1870 926 1910 L.
955 1870 1179 1922 quotropa
1202 1868 1308 1923 Nyl.
1343 1871 1403 1920 (n.
1437 1871 1597 1921 15211)
1623 1869 1719 1921 jam
1743 1867 1889 1923 hypo-

270 1938 422 1979 thecio
450 1939 736 1979 fuscescente
765 1937 822 1978 ab
851 1951 904 1978 ea
932 1936 1105 1977 differt.

386 2005 460 2046 Ad
478 2019 587 2046 saxa
606 2007 867 2059 gneissacea
884 2005 931 2045 in
948 2003 1191 2058 peninsula
1204 2003 1433 2044 Jinretlen
1451 2007 1497 2043 et
1514 2004 1561 2043 in
1580 2007 1738 2043 monte
1755 2003 1890 2043 meri-

270 2072 393 2113 diem
421 2086 580 2113 versus
610 2087 637 2113 a
662 2072 890 2113 Jinretlen
919 2072 1022 2112 sito.
1054 2070 1177 2111 Fert.

390 2143 456 2180 30.
493 2142 542 2179 L.
587 2141 827 2188 uliginosa
856 2138 968 2179 Ach.

390 2208 464 2246 ’‘L.
495 2209 700 2245 humosa
738 2205 920 2258 (Ehrh.)
955 2206 1121 2254 VVain„
1157 2205 1262 2258 Adj.
1299 2204 1424 2245 Lich.
1460 2204 1606 2258 Lapp.
1643 2203 1693 2244 II
1732 2205 1886 2255 (1883)

268 2288 312 2328 p.
342 2277 408 2314 42.
472 2274 522 2314 L.
545 2274 765 2326 fuliqinea
787 2273 910 2327 Nyl„
937 2273 1104 2313 Enum.
1130 2272 1256 2312 Lich.
1282 2271 1404 2312 Fret.
1431 2271 1566 2312 Behr.
1598 2273 1752 2323 (1888)
1775 2285 1820 2325 p.
1845 2273 1884 2311 9.

386 2341 460 2382 Ad
493 2346 665 2381 terram
699 2353 939 2380 arenosam
973 2344 1019 2380 et
1054 2353 1234 2380 muscos
1269 2339 1529 2380 destructos
1561 2339 1610 2378 in
1642 2337 1887 2392 peninsula

269 2408 511 2449 Jinretlen.
577 2408 780 2448 Tantum
822 2407 988 2447 sterilis
1028 2406 1162 2448 lecta.

390 2478 456 2515 31.
521 2477 570 2513 L.
613 2476 911 2512 subhumosa
941 2475 1089 2515 VVain.
1138 2476 1198 2525 (n.
1241 2476 1347 2527 sp).

387 2541 574 2582 Thallus
626 2542 790 2589 tenuis,
837 2540 1121 2594 granulosus,
1160 2540 1330 2581 fuscus.
1395 2538 1653 2594 Apothecia
1690 2541 1885 2588 0‚7——0,3

269 2609 445 2649 millim.
469 2608 579 2657 lata,
603 2607 748 2648 thallo
770 2607 956 2656 adnata,
980 2607 1419 2661 fusco-nigricantia,
1443 2606 1582 2655 nuda,
1606 2619 1765 2660 opaca,
1786 2606 1882 2659 jam

269 2677 419 2730 primo
457 2689 663 2716 convexa
698 2675 1129 2728 immarginataque.
1195 2673 1474 2728 Excipulum
1510 2672 1699 2714 laterale
1734 2672 1881 2713 fusce-

270 2756 411 2783 scens.
453 2741 800 2797 Hypothecium
819 2741 1057 2796 pallidum,
1081 2740 1217 2782 KHO
1237 2754 1329 2781 non
1348 2754 1552 2794 reagens,
1574 2739 1884 2794 irregulariter

270 2814 556 2858 contextum,
608 2809 969 2863 cartilagine-um.
1043 2808 1327 2862 Hymenium
1382 2808 1485 2848 circ.
1544 2810 1655 2856 0,050
1702 2805 1878 2846 millim.

270 2890 487 2925 crassum,
532 2876 640 2929 jodo
671 2877 849 2917 intense
880 2876 1269 2930 persistenterque
1302 2873 1625 2914 caerulescens.
1689 2871 1881 2927 Epithe-

267 2944 390 2984 cium
434 2943 631 2991 fuscum,
678 2942 815 2984 KHO
861 2942 1041 2983 sordide
1086 2941 1354 2982 viola-scens.
1419 2939 1709 2994 Paraphyses
1753 2942 1882 2980 arcte
