1965 3240
175 161 218 190 E.
251 160 450 198 WAINIO,
483 159 726 190 LIOHENES
758 159 912 189 PROPE
944 159 1171 189 PITLEKAI
1202 159 1444 190 COLLECTI.
1625 152 1702 192 107

72 281 184 309 mox
205 281 416 309 convexa
436 267 871 321 immarginataque,
895 267 1039 320 nigra,
1064 265 1204 315 nuda,
1229 280 1388 321 opaca.
1456 267 1698 322 Hypothe-

68 336 194 377 cium
217 334 548 384 decoloratum,
573 334 682 388 jodo
705 333 1030 383 caerulescens,
1056 333 1193 375 KHO
1216 334 1459 375 lutescens.
1526 335 1700 389 Hyme-

69 404 201 444 nium
244 403 354 457 jodo
396 403 696 458 persistenter
739 401 1063 443 caerulescens.
1130 401 1428 456 Epithecium
1471 402 1701 444 caeruleo-

70 471 314 519 virescens,
356 470 493 512 KHO
533 470 825 511 dilutescens.
891 468 1182 523 Paraphyses
1221 473 1347 511 arcte
1386 469 1699 521 cohaerentes,

70 537 199 579 haud
225 552 680 587 ramoso-connexae,
709 537 980 579 membrana
1005 537 1134 591 apice
1161 551 1297 592 saepe
1324 537 1502 579 modice
1529 539 1700 579 incras-

69 610 188 647 sata.
255 605 361 647 Asci
381 606 567 654 clavati,
589 606 717 660 apice
737 604 1007 647 membrana
1025 608 1098 645 sat
1117 604 1232 646 bene
1251 606 1521 646 incrassata.
1587 605 1700 659 Spo-

68 687 147 715 rae
173 677 319 723 8:nae,
344 673 583 723 distichae,
609 673 853 722 decolores,
877 672 1126 714 fusiformi-
1150 676 1232 714 aut
1253 672 1699 727 ovoideo-oblongae

68 745 152 782 aut
190 741 497 796 ellipsoidcae,
538 741 747 795 apicibus
785 740 1051 782 rotundatis
1089 745 1173 781 aut
1212 740 1391 781 obtusis
1430 744 1512 782 aut
1551 740 1698 782 altero

69 809 198 863 apice
223 813 485 857 attenuato,
511 813 663 850 rectae
688 813 771 850 aut
793 822 896 850 raro
921 812 1157 857 curvatae,
1187 810 1549 864 3—l-septatae,
1575 808 1697 863 long.

69 878 369 925 0,012-—0,014,
403 890 540 917 crass.
576 880 882 926 0,0045—0,005
913 875 1090 917 millim.
1125 875 1314 917 Thallus
1345 875 1454 930 jodo
1485 889 1580 917 non
1600 889 1698 917 rea-

66 957 191 997 gens.
264 944 462 985 Gonidia
499 958 661 998 parva,
702 944 859 985 forsan
895 943 1279 999 pleurococcacea
1323 946 1390 996 (at
1429 943 1694 998 simplicia),

64 1010 271 1065 globosa,
331 1010 471 1052 diam.
532 1015 640 1060 O‚008
652 1015 815 1061 ——O‚006
870 1011 1063 1061 millim.‚
1122 1011 1393 1053 membrana
1443 1012 1586 1061 tenui,
1630 1010 1698 1052 dj-

66 1079 254 1120 stincta.
298 1078 479 1119 Habitu
504 1080 551 1119 in
578 1079 628 1120 L.
656 1080 973 1133 syncomz‘stam
1003 1078 1225 1131 (Floerk.)
1251 1083 1298 1121 et
1324 1079 1374 1120 L.
1402 1080 1696 1131 conylomera-

67 1151 158 1187 tam
197 1146 439 1188 Sommerf.
483 1147 718 1188 accedens.
784 1147 834 1188 L.
876 1148 1060 1200 trisepta
1098 1162 1142 1188 v,
1184 1147 1408 1201 leprosum
1452 1146 1553 1199 (Th.
1595 1146 1694 1199 Fr.)

68 1212 214 1255 thallo
241 1214 487 1268 granuloso
516 1214 676 1255 differt
704 1229 729 1256 a
758 1230 802 1255 v.
834 1211 1149 1268 polytropoide,
1182 1228 1299 1269 quae
1327 1214 1473 1256 thallo
1501 1215 1695 1256 Lecano-

62 1294 163 1323 ram
188 1282 467 1336 polytropam
494 1296 537 1322 v.
567 1282 824 1323 intricata-m
849 1284 897 1324 in
923 1284 1194 1324 memoriam
1220 1287 1423 1324 revocat.

185 1349 333 1404 Supra
356 1348 636 1404 vegetabilia
659 1349 898 1391 destructa
927 1350 1092 1405 (algas)
1115 1351 1164 1391 in
1185 1350 1428 1405 peninsula
1448 1349 1693 1392 Jinretlen.

62 1416 188 1458 Fert.

602 1575 741 1630 Subg.
779 1578 816 1616 3.
879 1578 1161 1626 Lopadium.

186 1691 222 1730 7.
287 1690 335 1728 L.
369 1690 643 1728 fuscolutea
675 1688 872 1740 (Dicks.)
905 1688 1035 1738 Ach.,
1069 1689 1172 1730 Vet.
1206 1688 1286 1730 Ac.
1321 1689 1492 1730 Handl.
1533 1691 1689 1742 (1808)

62 1770 108 1811 p.
160 1759 261 1805 266;
306 1756 429 1811 Nyl.,
474 1755 600 1797 Lich.
643 1757 750 1811 Jap.
803 1759 957 1808 (1890)
1001 1770 1045 1811 p.
1088 1759 1156 1797 66.
1221 1756 1389 1798 Lichan.
1418 1756 1691 1810 fuscoluteus

62 1823 236 1873 Dicks.‚
281 1824 411 1865 Fasc
457 1824 553 1866 Sec.
600 1825 759 1879 Crypt.
812 1827 966 1875 (1790)
1015 1838 1060 1879 p.
1116 1827 1180 1865 18.
1246 1824 1503 1878 Lopadium
1547 1824 1691 1878 susco-

61 1891 232 1933 Zuteum
258 1891 341 1932 Th.
371 1891 462 1941 Fr„
491 1891 618 1933 Lich.
649 1892 817 1934 Sca-nd.-
851 1894 1006 1944 (1870)
1034 1906 1079 1946 p.
1115 1895 1209 1941 181,
1240 1892 1290 1933 ΙΙ
1323 1894 1480 1944 (1874)
1508 1907 1553 1947 p.
1587 1895 1690 1942 388;

62 1958 266 2013 Almqu.,
289 1958 416 2000 Lich.
441 1959 587 2001 Iaktt.
612 1959 744 2002 Sibir.
775 1962 930 2012 (1879)
951 1974 996 2014 p.
1023 1962 1091 2009 49,
1114 1959 1241 2000 Lich.
1266 1960 1406 2001 Kiist.
1432 1960 1689 2014 Beringsm.

68 2028 224 2079 (1887)
257 2041 302 2082 p.
340 2031 442 2078 5203
476 2027 685 2069 Deichm.
721 2028 796 2068 ΒΓ.
831 2032 878 2068 et
911 2027 1110 2076 Groenl„
1146 2027 1329 2069 Groenl.
1364 2027 1491 2068 Lich.
1532 2030 1689 2080 (1888)

60 2108 107 2150 p.
148 2097 246 2136 497.
310 2095 537 2137 Lecanora
571 2095 815 2148 suscolzctea
851 2095 975 2150 Nyl.,
1015 2095 1182 2136 Enum.
1222 2095 1348 2136 Lich.
1387 2095 1511 2137 Fret.
1551 2095 1688 2137 Behr.

67 2163 224 2215 (1888)
250 2177 295 2218 p.
327 2166 364 2212 8,
395 2167 462 2204 44.

181 2229 461 2285 Excipulum
482 2245 540 2272 ex
560 2230 729 2286 hyphis
751 2230 1042 2272 radiantibus
1065 2230 1395 2285 conglutinatis
1416 2231 1688 2280 formatum,

59 2297 346 2339 cavitatibus
395 2299 663 2340 cellularum
709 2299 880 2353 parvis,
930 2297 1218 2353 subglobosis
1266 2303 1349 2339 aut
1396 2298 1688 2353 ellipsoideis,

61 2365 343 2407 membranis
383 2366 561 2407 modice
600 2367 880 2415 incrassatis,
922 2367 971 2407 in
1008 2367 1214 2420 margine
1253 2371 1300 2407 et
1338 2367 1515 2421 partim
1552 2370 1690 2408 extus

58 2431 333 2483 fulvescens,
368 2438 572 2475 ceterum
603 2433 825 2483 albidum,
857 2433 1054 2488 gonidiis
1085 2433 1380 2475 destitutum.
1446 2433 1691 2489 Hypothe-

60 2501 185 2541 cium
225 2500 447 2550 albidum,
490 2515 547 2542 ex
586 2500 755 2555 hyphis
794 2501 1105 2556 irregulariter
1145 2501 1416 2543 creberrime
1457 2502 1690 2543 contextis

58 2567 330 2609 formatum.
396 2568 693 2623 Epithecium
731 2568 1004 2618 fulvescens‚
1048 2568 1186 2610 KHO
1225 2569 1486 2611 rubescens.
1551 2569 1690 2610 Para-

59 2634 231 2690 physes
276 2636 379 2678 laxe
426 2635 736 2685 cohaerentes,
774 2639 885 2686 0,002
918 2636 1095 2678 millim.
1131 2651 1326 2687 crassae,
1361 2638 1491 2692 apice
1523 2650 1690 2691 parum

5 2725 7 2727 ·
59 2703 360 2752 incrassatae,
387 2702 515 2744 haud
537 2716 992 2746 ramoso-connexae.

180 2769 254 2810 Ad
283 2769 456 2811 terram
478 2769 723 2812 humosam
745 2775 792 2812 et
815 2785 997 2813 muscos
1020 2775 1232 2814 vetustos
1255 2773 1304 2814 in
1325 2771 1569 2827 peninsula
1589 2771 1620 2812 J
1621 2772 1689 2812 in-

58 2836 208 2878 retlen
244 2841 292 2878 et
321 2838 369 2878 in
399 2838 582 2892 regione
613 2839 838 2880 orientem
868 2853 1028 2881 versus
1058 2854 1082 2881 e
1113 2840 1217 2881 sinu
1248 2838 1550 2892 Koljutschin
1581 2839 1686 2879 sita.

183 2907 220 2945 8.
287 2906 336 2944 L.
381 2906 657 2955 pezizoidea
709 2905 839 2956 Ach.,
890 2906 1016 2948 Lich.
1070 2907 1210 2948 Univ.
1273 2909 1428 2959 (1810)
1486 2920 1531 2961 p.
1587 2908 1687 2955 1823

62 2971 189 3026 Nyl.‚
226 2971 395 3014 Enum.
431 2972 558 3014 Lich.
598 2973 722 3015 Fret.
760 2973 896 3015 Behr.
939 2976 1094 3027 (1888)
1129 2988 1175 3029 p.
1215 2977 1253 3024 9,
1294 2977 1361 3023 22,
1402 2976 1472 3023 47,
1513 2976 1580 3022 54,
1620 2975 1689 3013 66.
