1965 3240
262 150 318 187 80
567 157 717 186 ARKIV
749 147 842 186 FoR
873 155 1101 186 ΒΟΤΑΝΙΚ.
1164 157 1300 185 BAND
1333 147 1371 186 8.
1433 157 1514 187 N20
1546 144 1585 186 4.

264 278 382 317 quae
422 262 567 303 thallo
607 262 1065 311 areolato-diffracto,
1107 261 1234 303 haud
1272 262 1475 317 disperso
1514 262 1573 303 ab
1611 277 1666 304 ea
1705 262 1879 304 differt.

265 331 319 371 In
356 331 602 385 specimine
639 329 848 384 originali
887 329 1114 383 Ggyalectae
1149 329 1369 370 aethaleae
1405 329 1534 379 Ach.,
1573 329 1701 370 Lich.
1740 329 1880 371 Univ.

267 400 423 450 (1810)
443 412 488 452 p.
514 400 610 446 669,
634 397 693 438 ad
714 396 923 438 Durham
945 397 1181 438 Britaniae
1202 396 1260 437 ab
1282 397 1532 437 Harriman
1551 397 1685 446 lecto,
1708 396 1882 438 thallus

265 464 401 506 KHO
433 465 675 513 lutescens,
710 464 898 505 demum
928 463 1172 505 rubescens
1211 465 1275 516 (in
1306 464 1533 505 solutione
1566 468 1879 513 concentrata,

264 534 424 586 parca)
474 536 521 573 et
568 532 929 586 praecipitatum
976 531 1275 585 granulosum
1322 531 1467 572 dilute
1516 531 1882 572 subrubescenti-

263 600 443 641 luteum
464 601 563 651 (nec
580 598 1158 653 aciculari-crystallinum)
1180 598 1399 646 formans,
1421 599 1547 639 intus
1563 598 1671 651 jodo
1686 598 1882 639 caerule-

262 681 406 715 scens,
450 666 693 721 apothecia
733 665 878 707 thallo
918 667 1146 715 immersa,
1179 667 1518 720 immarginata,
1552 665 1885 720 hypothecium

265 748 459 788 superne
490 738 538 775 et
558 734 700 774 latere
715 733 859 774 dilute
874 732 1339 787 pallido-fuscescens,
1368 733 1543 774 inferne
1566 733 1716 774 medio
1737 732 1883 773 fusce-

262 816 408 849 scens,
455 800 775 856 parathecium
820 802 868 841 in
902 814 994 841 uno
1028 800 1170 841 latere
1205 800 1436 849 deficiens,
1473 801 1520 841 in
1560 800 1704 841 altero
1741 800 1883 840 latere

261 869 536 917 fuscescens,
581 872 719 909 tenue
767 870 896 919 (0,03O
938 867 1113 908 millim.
1145 870 1384 920 crassum),
1414 867 1684 921 hymenium
1713 870 1886 916 0,070-—

266 940 376 985 0,080
432 936 606 977 millim.
663 949 881 984 crassum,
925 935 1205 989 epithecium
1246 935 1441 983 fuscum,
1485 934 1769 990 paraphyses
1811 938 1885 975 sat

264 1004 366 1044 laxe
396 1003 706 1051 cohaerentes,
738 1016 899 1057 sporae
921 1005 1066 1051 8:nae,
1093 1006 1361 1056 l-septatae,
1381 1002 1551 1051 fuscae,
1571 1001 1691 1056 long.
1713 1004 1886 1051 0,014—-—

266 1075 392 1120 0,019‚
446 1085 581 1111 crass.
636 1073 920 1119 0,007—-0,008
972 1070 1164 1118 millim.,
1208 1069 1479 1110 membrana
1529 1069 1783 1122 aequaliter
1817 1069 1884 1109 in-

264 1142 486 1187 crassata,
527 1137 828 1192 hypothallus
867 1138 1095 1191 nigricans
1135 1137 1194 1178 ad
1234 1136 1464 1178 ambitum
1503 1140 1550 1177 et
1588 1149 1724 1193 parce
1763 1137 1884 1176 inter

262 1205 440 1246 areolas
467 1205 600 1246 thalli
627 1205 914 1259 conspicuus.
978 1204 1163 1245 Lecz'dea
1189 1203 1385 1245 atroalba
1416 1205 1453 1257 β.
1482 1202 1734 1244 atroalbella
1760 1202 1883 1257 Ny1.,

267 1273 372 1313 Bot.
396 1273 505 1313 Not.
535 1275 645 1312 1853
666 1286 710 1326 p.
738 1275 804 1321 97,
830 1271 984 1325 quoad
1005 1273 1235 1326 specimen
1256 1285 1300 1312 n.
1328 1274 1411 1311 238
1432 1270 1492 1311 ad
1512 1270 1690 1311 Falaise
1712 1284 1739 1311 a
1775 1270 1882 1310 Bre-

266 1340 421 1381 bisson
447 1340 619 1381 lectum
652 1342 712 1392 (n.
746 1342 858 1379 9256
884 1340 931 1380 in
957 1338 1084 1380 herb.
1113 1339 1244 1393 Nyl.)
1273 1338 1333 1379 ad
1360 1339 1429 1379 M.
1458 1337 1700 1379 aethaleam
1726 1336 1881 1389 (Ach.)

264 1409 483 1462 pertinet,
524 1406 668 1447 thallo
706 1408 936 1447 instructa
973 1405 1109 1447 KHO
1147 1406 1415 1455 lutescente,
1456 1405 1562 1447 dein
1597 1404 1881 1452 rubescente,

267 1475 488 1529 crystalla
524 1474 651 1515 nulla
688 1474 934 1514 acicularia
964 1474 1195 1514 formante
1232 1474 1296 1525 (in
1327 1473 1554 1514 solutione
1586 1475 1885 1513 concentrata

265 1556 406 1596 parca
429 1542 513 1583 sub
529 1542 828 1595 microscopio
846 1542 982 1594 visa),
999 1542 1124 1582 intus
1139 1540 1248 1594 jodo
1263 1540 1613 1589 caerulescente,
1629 1538 1883 1594 apotheciis

265 1609 411 1650 thallo
456 1610 694 1658 immersis,
747 1608 1027 1663 hypothecio
1062 1622 1254 1662 superne
1288 1612 1335 1648 et
1369 1608 1510 1648 latere
1545 1606 1883 1661 pallido-fusce—

266 1681 436 1726 scente,
466 1677 642 1718 inferne
670 1675 821 1717 medio
849 1676 1147 1724 fuscescente,
1176 1674 1443 1730 parathecio
1461 1674 1705 1715 deficiente
1721 1674 1768 1714 in
1790 1686 1884 1714 uno

264 1744 422 1793 latere,
447 1745 495 1784 in
519 1744 663 1785 altero
686 1744 829 1784 latere
854 1757 988 1797 saepe
1011 1742 1277 1797 parathecio
1300 1741 1622 1796 hypothallino
1645 1740 1882 1794 fuligineo-

265 1825 368 1865 que,
408 1811 625 1865 hymenio
664 1812 767 1851 circ.
809 1814 920 1860 0,080
958 1810 1133 1851 millim.
1186 1823 1350 1858 crasso,
1401 1809 1546 1863 sporis
1589 1807 1882 1860 (observante

264 1879 396 1933 Nyl.)
437 1878 617 1935 >longit
653 1881 950 1927 0,013-—0,014,
984 1879 1159 1918 crassit.
1185 1879 1467 1926 Ο,006-Ο,007
1490 1875 1711 1916 minim».
1745 1873 1883 1914 Aliud

265 1947 496 2000 specimen
537 1946 597 1986 ad
643 1945 748 1987 Vire
790 1959 817 1986 a
865 1944 1158 1986 Lenormand
1204 1944 1375 1985 lectum
1412 1946 1472 1995 (n.
1514 1945 1626 1984 9257
1666 1943 1714 1983 in
1754 1940 1880 1982 herb.

264 2013 309 2054 N
310 2013 396 2067 yl.)
412 2013 472 2054 ad
493 2013 718 2054 Buelliam
731 2013 997 2054 stellulatam
1019 2011 1189 2066 (Tayl.)
1207 2012 1422 2066 pertinet,
1441 2010 1586 2051 thallo
1603 2010 1882 2050 instructum

267 2080 404 2121 KHO
438 2080 707 2130 lutescente,
746 2079 965 2134 crystalla
999 2079 1125 2120 nulla
1158 2078 1297 2119 rubra
1331 2078 1576 2126 formante,
1613 2077 1739 2117 intus
1773 2075 1882 2128 jodo

263 2161 358 2188 non
387 2151 617 2201 reagente,
650 2146 905 2202 apotheciis
935 2146 1181 2195 lecideinis,
1214 2146 1416 2187 tenuiter
1446 2144 1729 2198 marginatis,
1762 2144 1882 2183 inter

264 2215 441 2256 areolas
474 2214 607 2255 thalli
641 2215 754 2255 sitis.
821 2214 877 2254 In
910 2214 1155 2268 specimine
1189 2214 1298 2267 orig.
1334 2213 1384 2253 L.
1420 2211 1662 2252 stellulatae
1694 2209 1822 2263 Tayl.
1857 2223 1881 2250 e

273 2282 446 2336 »Kerry
469 2282 765 2322 Mountains»
794 2283 855 2333 (n.
884 2283 996 2322 9187
1019 2281 1066 2321 in
1089 2280 1215 2322 herb.
1242 2279 1371 2334 Nyl.)
1396 2278 1567 2319 thallus
1591 2276 1726 2318 KHO
1751 2277 1883 2318 levis-

263 2350 378 2390 sime
409 2349 678 2398 flavescens,
714 2348 933 2402 crystalla
963 2347 1090 2388 nulla
1120 2347 1260 2388 rubra
1291 2347 1509 2394 formans,
1542 2346 1667 2385 intus
1706 2345 1881 2395 (secun-

264 2416 379 2457 dum
413 2419 571 2457 annot.
607 2416 738 2470 Nyl.)
772 2415 882 2468 jodo
915 2429 1008 2456 non
1040 2428 1242 2468 reagens,
1278 2413 1521 2468 apothecia
1552 2413 1673 2452 inter
1706 2410 1880 2452 areolas

266 2483 399 2524 thalli
444 2484 546 2532 sita,
594 2484 798 2537 margine
842 2482 1061 2536 fuligineo
1105 2482 1289 2536 proprio
1334 2480 1535 2528 evoluto,
1581 2477 1881 2533 hypothallus

265 2551 493 2604 nigricans
523 2564 689 2604 parum
719 2549 981 2590 distinctus.
1047 2548 1117 2590 Ob
1148 2547 1377 2589 defectam
1407 2547 1716 2601 cognitionem
1746 2548 1880 2599 typo-

265 2631 369 2658 rum
391 2617 595 2658 maxima
617 2617 824 2657 confusio
846 2617 894 2657 in
916 2616 1181 2657 litteratura
1203 2614 1258 2656 de
1280 2614 1349 2655 his
1371 2618 1418 2655 et
1440 2613 1619 2655 viciniis
1642 2611 1880 2667 speciebus

265 2687 441 2738 regnat.

385 2750 458 2792 Ad
488 2751 689 2806 lapidem
720 2752 767 2792 in
797 2751 980 2805 regione
1012 2749 1249 2791 meridiem
1280 2762 1438 2789 versus
1471 2762 1498 2788 a
1528 2760 1647 2802 pago
1680 2744 1879 2786 Pitlekai

265 2819 371 2859 sita.
406 2817 529 2859 Fert.

387 2889 424 2926 5.
488 2887 548 2924 M.
582 2886 902 2934 crystallifera
930 2884 1078 2926 Wain.
1117 2885 1177 2935 (n.
1210 2885 1315 2938 sp.).

386 2951 572 2993 Thallus
603 2955 879 3001 crustaceus,
911 2951 1165 3000 uniformis,
1197 2949 1498 2991 crassitudine
1528 2947 1766 2989 mediocris
1796 2947 1878 2985 aut
