1965 3240
265 162 314 199 18
549 170 699 198 ARKIV
729 160 822 199 FOR
853 170 1082 199 BOTANIK.
1146 170 1276 198 BAND
1307 159 1348 199 8.
1408 170 1488 199 ΝΖΟ
1520 159 1554 200 l.

569 369 735 410 Forma
765 370 1019 411 hortorum
1052 369 1346 420 (FOURNIER)
1378 369 1569 410 MALME.

374 462 443 492 Die
470 461 783 502 Asclepiadaceen
808 461 873 491 des
898 460 1187 501 Regnell'schen
1213 461 1378 492 Herbars
1402 458 1523 500 (1900).
1549 472 1582 501 p.
1610 462 1661 493 74.

374 506 533 545 Araujae‘a
569 506 747 537 hortorum
783 506 992 536 FOURNIER
1029 506 1066 536 in
1093 506 1188 536 Flor.
1216 506 1339 536 brasil.
1367 506 1453 536 fasc.
1480 506 1580 537 XCV
1604 503 1725 546 (1885),
1750 518 1784 548 p.
1810 507 1874 539 293

262 549 337 587 'subi
362 552 482 582 fusius
507 551 551 581 de
577 548 839 591 synonymia).¹

372 616 550 657 leones:
596 614 809 656 GRAHAM
853 614 879 654 l.
927 615 1045 655 infra
1090 615 1188 664 cit.;
1236 614 1497 655 FOURNIER
1526 614 1553 655 1.
1588 629 1650 665 c.;
1681 615 1875 665 MALME,

262 683 289 724 l.
323 697 360 724 c.
394 682 717 734 (retinaculum
747 683 869 731 etc.);
904 686 989 722 etc.

374 750 460 790 Vix
505 749 596 790 ulla
641 753 753 789 nota
783 748 941 789 differt
971 762 998 788 a
1028 748 1174 789 forma
1205 750 1362 802 typica
1392 749 1477 789 nisi
1508 749 1680 790 laciniis
1712 749 1878 804 calycis

262 817 400 871 vulgo
429 816 632 870 paullulo
663 815 940 868 longioribus
973 816 1156 865 (13—-15
1189 829 1294 856 mm.
1328 816 1489 868 longis)
1523 820 1569 857 et
1600 821 1747 857 rostro
1769 816 1878 871 styli

263 884 488 937 elongato,
538 887 646 923 5—ss
690 896 797 922 mm.
845 882 993 936 longo,
1026 882 1119 922 fere
1149 896 1293 936 usque
1324 883 1382 923 ad
1414 883 1543 924 basin
1574 883 1731 932 bifido,
1764 883 1880 925 lobis

267 950 605 992 semiteretibus
653 964 694 990 v.
736 962 929 1002 superne
960 948 1262 998 subfoliaceis,
1296 949 1555 999 linearibus,
1589 950 1780 1000 obtusis,
1813 951 1880 991 in-

262 1019 388 1059 ferne
420 1017 780 1071 divergentibUS,
813 1030 1008 1070 superne
1039 1030 1156 1070 saepe
1189 1017 1587 1070 convergentibus.

377 1084 549 1138 Sponte
581 1084 744 1125 crescit
775 1084 821 1124 in
853 1085 1112 1127 Brasiliae
1144 1084 1268 1124 civit.
1303 1085 1402 1127 Rio
1436 1085 1652 1128 Grande
1683 1086 1749 1128 do
1773 1086 1879 1138 Sul,

263 1167 332 1194 eX.
371 1166 436 1205 gr.
474 1151 721 1193 Cachoeira
753 1151 826 1198 (In
856 1151 1097 1192 fruticetis.
1158 1150 1263 1191 Jan.
1295 1154 1414 1191 1902.
1475 1151 1654 1192 MALME
1677 1151 1878 1203 11:909.)

263 1225 310 1261 et
341 1220 483 1261 Santo
514 1218 687 1272 Angelo
719 1217 841 1269 (Jan.
880 1220 997 1258 1893.
1042 1218 1220 1258 MALME
1252 1218 1287 1258 1:
1312 1220 1442 1269 478),
1469 1219 1582 1259 etin
1611 1220 1880 1274 Urug'uay

264 1287 707 1337 (ARECHAVALETA).
769 1285 902 1326 Culta
933 1285 1089 1326 multis
1129 1285 1237 1326 locis
1274 1286 1471 1326 occurrit
1492 1286 1539 1325 in
1560 1285 1879 1338 adjacentibus

264 1354 465 1395 Brasiliae
496 1358 542 1394 et
572 1352 833 1406 Argentinae
864 1352 1090 1406 partibus.

375 1445 665 1477 Verosimillime
682 1470 684 1472 .
701 1445 773 1476 huc
803 1445 969 1486 pertinet
993 1444 1136 1486 planta,
1165 1455 1277 1485 quam
1304 1446 1341 1476 in
1372 1445 1512 1476 wdeltazo
1540 1445 1710 1476 fluminis
1735 1446 1879 1477 Par-ana

263 1492 364 1523 haud
389 1491 517 1533 procul
544 1491 591 1521 ab
616 1490 707 1521 urbe
733 1490 881 1521 Euenos
899 1490 1005 1520 Aires
1023 1491 1213 1530 copiosam
1232 1500 1329 1520 anno
1351 1491 1436 1521 1894
1449 1490 1661 1525 observavi;
1675 1491 1881 1531 specimina

263 1541 390 1567 tamen
414 1547 489 1567 non
513 1538 706 1576 reportata
730 1538 828 1566 sunt.
878 1534 895 1565 I
922 1534 1086 1565 Bonaria
1110 1535 1188 1574 jam
1214 1535 1366 1575 collegit
1391 1535 1460 1565 D:r
1485 1535 1642 1566 GILLIES
1662 1534 1879 1572 [secundum

264 1582 436 1612 HOOKER
461 1582 491 1611 δι
518 1581 689 1613 ARNOTT.
712 1579 869 1611 Journal
896 1580 934 1610 of
959 1579 1119 1619 Botany.
1169 1580 1188 1610 Ι
1212 1576 1334 1619 (1834),
1360 1591 1394 1621 p.
1420 1579 1510 1617 292]

376 1626 422 1657 In
461 1626 533 1656 Rio
574 1625 722 1656 Grande
762 1625 809 1656 do
851 1624 913 1655 Sul
954 1624 1033 1664 jan]
1073 1625 1121 1655 ab
1161 1624 1355 1655 ISABELLE
1395 1625 1554 1655 collecta
1589 1627 1646 1655 est
1676 1625 1880 1656 secundum

265 1671 467 1702 DECAISNE
493 1673 531 1701 et
556 1671 765 1701 FOURNIER
789 1666 839 1708 (ll.
867 1665 938 1708 ce).

376 1726 521 1757 Colitur
545 1726 615 1756 sub
640 1726 729 1756 divo
755 1726 871 1755 etiam
898 1725 935 1755 in
961 1724 1047 1755 aliis
1072 1725 1182 1756 terris
1205 1725 1422 1757 subcalidis,
1448 1735 1503 1755 ex.
1530 1735 1579 1765 gr.
1606 1725 1721 1759 Chile,
1748 1725 1879 1756 Trans—

266 1771 362 1807 vaal,
391 1771 629 1809 Queensland
646 1771 762 1801 Novae
788 1770 1013 1805 Hollandiae.
1038 1780 1105 1800 nec
1129 1780 1204 1800 non
1231 1770 1269 1800 in
1294 1770 1470 1800 caldariis
1495 1769 1663 1810 Europae.

376 1816 523 1847 Corolla
559 1816 684 1846 variat
708 1815 957 1846 alba—rosea.
984 1825 1029 1845 ex
1054 1815 1383 1845 observationibus
1408 1815 1446 1845 in
1472 1814 1543 1845 Rio
1570 1814 1717 1845 Grande
1742 1814 1789 1845 do
1816 1814 1878 1846 Sul

264 1862 387 1892 factis.

377 1916 475 1954 Quid
511 1916 561 1946 sit
598 1915 641 1945 A.
679 1915 885 1945 subhastata
916 1915 1126 1946 FOURNIER
1165 1912 1273 1953 (Flor.
1315 1914 1439 1945 brasil.
1482 1915 1569 1946 fasc.
1596 1915 1705 1951 XCV,
1732 1925 1766 1955 p.
1793 1911 1880 1954 293),

263 1962 402 1997 neseio:
439 1961 645 2002 specimina
681 1960 896 1991 Hilairiana
931 1970 1007 1990 non
1040 1960 1130 1990 vidi.
1187 1959 1217 1989 E
1255 1959 1506 2000 descriptione
1542 1960 1590 1990 ab
1624 1959 1668 1990 A.
1699 1959 1881 1998 sericifera

265 2007 417 2037 differre
442 2006 602 2037 videtur.

381 2061 443 2092 »A
478 2061 683 2091 subhastata
720 2060 776 2091 ST.
814 2060 921 2091 Hm.»
972 2060 1018 2090 K.
1057 2059 1277 2090 SCHUMANN
1308 2060 1345 2090 in
1371 2059 1535 2090 ENGLEP„
1559 2060 1589 2090 &
1616 2059 1784 2093 PRANTL.
1810 2059 1880 2090 Die

263 2107 501 2137 natiirlichen
538 2106 806 2136 Pflanzenfam.
846 2104 925 2141 HV:
953 2105 973 2134 2
998 2102 1119 2143 (1895).
1145 2115 1178 2144 p.
1205 2103 1285 2141 228]
1311 2115 1356 2135 ex
1381 2105 1693 2136 adnotationibus
1717 2105 1881 2135 auctoris

266 2150 344 2189 wA.
382 2151 587 2181 subhastata
617 2151 672 2181 ST.
699 2150 785 2180 HIL.
811 2151 882 2180 mit
907 2149 1056 2180 seitlich
1081 2159 1141 2179 am
1168 2149 1318 2180 Grunde
1344 2149 1555 2190 gelappten,
1580 2149 1880 2190 spiessformigen

266 2197 306 2226 B.
345 2197 394 2226 ist
428 2195 613 2226 ebenfalls
650 2196 687 2226 in
725 2194 992 2226 Siidbrasilien.
1025 2193 1112 2223 aber
1137 2194 1232 2224 auch
1259 2194 1296 2224 in
1322 2194 1566 2234 Argentinien
1592 2194 1808 2228 verbreitet:
1835 2193 1879 2223 A.

265 2240 502 2279 anqustz'jolia
537 2240 641 2271 Gms.
679 2239 766 2270 fallt
791 2239 985 2270 vielleicht
1009 2238 1080 2268 mit
1105 2238 1163 2268 ihr
1187 2236 1450 2277 zusamnienm‘)
1473 2239 1603 2269 eadem
1627 2248 1705 2269 esse
1730 2237 1882 2269 videtur

267 2296 308 2316 ac
345 2286 389 2315 A.
425 2285 720 2324 meqapotamica,·
757 2285 795 2314 in
831 2284 957 2315 Museo
995 2283 1171 2313 botanico
1198 2283 1359 2313 Berolin.
1389 2283 1536 2313 nullum
1562 2283 1668 2313 adest
1693 2283 1879 2324 specimen

266 2331 416 2361 nomine
442 2340 463 2360 a
489 2330 709 2360 SCHUMANN
735 2330 853 2359 citato
880 2328 1071 2368 inscripto.

636 2505 753 2546 Sect.
788 2503 1154 2546 Schistanthera
1185 2502 1516 2544 SCHLECHTER.

382 2586 426 2616 In
452 2585 610 2616 Oesterr.
638 2585 764 2616 botan.
792 2584 1016 2615 Zeitschrift.
1046 2584 1141 2615 1895.
1167 2594 1201 2623 p.
1228 2583 1303 2613 499.

268 2673 364 2713 (eum
380 2630 535 2714 Bilcgffejf,
574 2630 643 2660 Die
679 2629 992 2670 Asclepiadaceen
1029 2628 1093 2659 des
1129 2627 1412 2668 chnell'schen
1438 2627 1602 2657 Hel-bars
1631 2623 1752 2665 (1900),
1777 2637 1811 2667 p.
1839 2627 1880 2657 75

382 2782 393 2800 ¹
418 2784 589 2816 GRAHAM
631 2785 773 2824 primus
815 2785 910 2815 hane
958 2784 1115 2814 formam
1154 2783 1352 2824 descripsit
1388 2782 1623 2820 [Edinburgzh
1660 2781 1751 2812 NeW
1787 2781 1878 2822 phil.

267 2829 436 2863 Journal,
462 2829 542 2860 Oct.
572 2829 666 2860 1832.
691 2840 725 2869 p.
752 2829 826 2859 363.
853 2845 896 2848 —
923 2827 1188 2867 »Physrztafnthsus
1212 2827 1333 2858 albens
1357 2826 1519 2864 MAR‘r.»]
1538 2827 1677 2857 cultam
1695 2837 1714 2857 e
1731 2826 1879 2857 semini-

271 2875 340 2906 bus
365 2875 403 2905 in
428 2874 591 2904 Bouaria
614 2873 774 2911 (Buenos
799 2870 917 2911 Aires)
941 2883 962 2903 a
987 2873 1173 2902 Twmzon:
1199 2872 1375 2903 collectis.

383 2919 585 2949 DECAISNE
620 2915 704 2956 (DC.
743 2917 976 2948 Prodromus.
1014 2917 1119 2949 VIII.
1156 2927 1190 2957 p.
1228 2915 1305 2956 534)
1339 2916 1386 2947 ab
1419 2916 1461 2945 A.
1488 2915 1668 2954 serc'cz'fera
1692 2915 1878 2945 BROTERO

271 2964 457 2995 diversam
483 2963 628 2994 censuit
652 2966 689 2993 et
714 2962 782 2993 sub
807 2962 957 2992 nornine
983 2961 1125 2999 Arazzja
1150 2960 1270 2991 albens
1295 2961 1502 3001 descripsit.
