1965 3240
235 180 279 210 E.
312 179 508 217 WAINIO,
541 179 781 209 LIOHENES
813 180 965 209 PROPE
997 181 1222 211 PITLEKAI
1254 183 1495 214 COLLECTI.
1635 177 1690 216 35

71 300 214 341 prope
252 299 424 340 pagum
464 285 676 334 Pitlekai,
716 287 763 326 in
801 286 1043 338 peninsula
1078 287 1320 337 Jinretlen,
1362 303 1502 343 prope
1541 292 1691 332 sinum

73 352 373 408 Koljutschin
402 356 449 393 et
477 353 524 393 in
553 354 735 407 regione
765 354 988 394 orientem
1020 368 1177 394 versus
1206 369 1233 395 a
1262 357 1362 396 sinu
1395 357 1691 410 Koljutschin

71 422 175 463 sita.
240 420 356 463 Ster.

192 491 230 529 2.
295 489 361 527 St.
392 488 621 536 paschale
659 487 751 539 (L.)
785 487 914 535 Ach.,
954 487 1096 528 Meth.
1137 488 1263 529 Lich.
1309 493 1463 543 (1803)
1502 506 1546 546 p.
1590 495 1691 541 315;

70 555 162 605 Fr.,
184 555 324 610 Stirp.
347 554 516 607 Femsj.
545 557 700 606 (1825)
721 570 766 610 p.
792 557 863 604 353
885 554 967 595 Th.
991 555 1081 604 Fr.,
1105 555 1172 596 De
1194 556 1310 598 Ster.
1334 558 1507 599 comm.
1536 562 1691 612 (1857)

70 638 115 679 p.
143 626 211 672 32,
236 623 359 663 Mon.
385 621 502 664 Ster.
533 624 688 674 (1858)
712 636 756 676 p.
785 625 852 670 57,
878 622 1004 663 Lich.
1030 622 1156 663 Arct.
1188 626 1343 676 (1860)
1366 640 1410 680 p.
1443 629 1535 675 144,
1562 626 1689 668 Lich.

71 689 244 747 Spitsb.
286 692 441 742 (1867)
476 704 520 744 p.
561 692 628 737 25,
665 688 792 730 Lich.
829 689 995 731 Scand.
1037 692 1192 743 (1871)
1227 706 1272 745 p.
1312 695 1382 740 463
1419 692 1541 747 Nyl.,
1578 694 1688 749 Syn.

70 757 198 800 Lich.
227 759 501 810 (1858—60)
523 770 568 811 p.
597 759 693 805 242,
718 756 844 797 Lich.
869 757 1035 799 Scand.
1065 759 1221 811 (1861)
1243 774 1288 814 p.
1316 762 1369 798 64
1396 760 1526 810 (excl.
1552 766 1689 814 van),

70 825 197 867 Lich.
219 823 548 866 Middendorff.
577 826 731 876 (1874)
753 838 797 879 p.
826 827 861 873 l,
885 824 1052 866 Enum.
1075 824 1202 866 Lich.
1224 825 1348 867 Fret.
1372 826 1506 868 Behr.
1535 830 1690 881 (1888)

69 908 114 949 p.
139 895 211 942 85;
239 891 399 941 Tuck.,
422 892 530 946 Syn.
553 890 705 933 North
725 891 828 932 Am.
850 891 976 932 Lich.
1007 894 1162 945 (1882)
1182 908 1226 949 p.
1253 896 1352 944 2323
1375 894 1540 944 VVain„
1563 895 1690 937 Lich.

70 960 204 1003 Sibir.
239 959 398 1001 Merid.
444 961 599 1012 (1896)
636 974 680 1015 p.
720 961 761 1008 9;
787 958 982 1008 Cumm.,
1006 959 1133 1001 Lich.
1158 960 1331 1002 Ala-ska
1358 963 1514 1015 (1904)
1540 977 1584 1017 p.
1625 967 1689 1005 19.

70 1027 236 1069 Lichen
264 1027 490 1081 paschalis
522 1026 589 1075 L„
622 1026 752 1081 Spec.
779 1026 932 1068 Plant.
965 1029 1119 1080 (1753)
1145 1042 1189 1083 p.
1222 1031 1349 1078 11533
1377 1029 1495 1070 conf.
1524 1030 1690 1080 Wain.‚

70 1095 187 1137 Rev.
213 1094 340 1136 Lich.
372 1094 500 1135 Linn.
533 1096 688 1147 (1886)
714 1109 759 1150 p.
790 1096 827 1134 9.

189 1162 338 1217 Supra
364 1175 545 1203 muscos
572 1162 619 1202 in
646 1166 804 1203 monte
831 1162 1099 1215 peninsulae
1123 1162 1366 1204 Jinretlen.
1432 1164 1547 1206 Ster.

190 1232 227 1271 3.
293 1231 359 1269 St.
390 1231 784 1279 leprocephalum
815 1230 964 1271 VVain.
995 1232 1056 1282 (n.
1083 1228 1189 1284 sp.).

188 1297 562 1352 Pseudopodetia
592 1296 765 1346 brevia,
799 1297 918 1352 long.
953 1298 1056 1338 circ.
1095 1300 1264 1338 10—18
1295 1298 1486 1348 millim.,
1520 1301 1692 1354 caespi-

68 1369 186 1415 tosa,
211 1365 436 1420 caespites
457 1364 639 1406 crebros
660 1364 926 1413 formantia,
949 1369 1116 1414 erecta,
1134 1370 1206 1406 sat
1224 1367 1396 1415 tenuia,
1414 1380 1549 1407 crass.
1567 1371 1691 1415 ΘΑ-

70 1435 135 1483 Ο,8
155 1432 348 1482 millim.,
365 1436 671 1482 etomentosa,
686 1431 860 1486 pallida
881 1436 963 1473 aut
987 1432 1156 1482 albida,
1184 1434 1363 1481 teretia,
1391 1433 1688 1483 decorticata,

70 1499 170 1541 basi
209 1500 496 1549 emorientia,
539 1499 638 1541 basi
677 1499 805 1540 haud
844 1504 970 1541 arcte
1010 1499 1324 1550 adhaerentia,
1358 1501 1689 1555 fastigiato-ra-

70 1581 213 1617 mosa,
256 1567 445 1609 ramulis
485 1566 898 1622 phyllocladoideis
939 1567 1399 1617 verrucaeformibus,
1443 1569 1610 1610 crebris
1642 1574 1689 1610 et

68 1636 242 1691 partim
273 1635 641 1689 conglomeratis,
674 1635 858 1690 pallidis
890 1639 972 1676 aut
998 1635 1044 1675 in
1067 1636 1196 1690 apice
1216 1635 1688 1690 pseudopodetiorum

68 1702 658 1757 albido-glaucescentibus‚
701 1703 877 1744 soraliis
918 1702 1187 1757 apicalibus,
1228 1703 1537 1757 irregulariter
1568 1705 1691 1758 capi-

69 1769 384 1812 tuliformibus
411 1774 494 1811 aut
522 1770 890 1825 conglomeratis,
921 1771 1023 1811 circ.
1057 1774 1165 1810 5-1
1196 1770 1372 1811 millim.
1402 1771 1522 1819 latis,
1552 1770 1690 1812 KHO

69 1837 419 1887 lutescentibus,
463 1837 745 1892 cephalodiis
786 1837 1165 1886 fuscescentibus,
1210 1837 1527 1887 tuberculosis,
1561 1839 1690 1879 sessi-

67 1905 201 1947 libus.
267 1905 371 1946 Huc
414 1906 617 1960 pertinet
658 1906 802 1947 etiam
841 1905 956 1946 ›>*St.
1001 1905 1364 1958 condyloideum»
1405 1905 1527 1959 Nyl„
1561 1905 1687 1946 Lich.

68 1972 192 2028 Ceyl.
233 1972 354 2025 (Act.
389 1972 489 2015 Soc.
525 1973 594 2015 Sc.
630 1972 773 2014 Fenn.
813 1973 990 2021 XXVI,
1031 1975 1163 2025 1900)
1196 1987 1240 2027 p.
1280 1976 1303 2012 5
1336 1975 1468 2027 (opus
1493 1973 1689 2027 posth.),

72 2040 327 2082 secundum
353 2041 585 2095 specimen
610 2054 654 2081 n.
681 2043 824 2082 39874
850 2041 896 2081 in
923 2040 1302 2095 Pedrotallegalle
1328 2041 1376 2080 in
1396 2040 1613 2095 Ceylonia
1629 2040 1689 2081 ab

70 2107 123 2149 E.
158 2107 345 2162 Almqu.
380 2108 553 2149 lectum
593 2109 657 2160 (in
690 2108 817 2150 herb.
854 2107 1000 2163 Nyl.),
1037 2109 1169 2161 cujus
1203 2107 1447 2162 apothecia
1481 2107 1690 2161 apicibus

0 2186 4 2188 ’
67 2175 541 2230 pseudopodetiorum
574 2176 734 2225 affixa,
769 2176 988 2224 solitaria,
1022 2175 1216 2230 peltata,
1247 2175 1433 2216 demum
1465 2189 1688 2223 convexa,

69 2243 194 2284 disco
246 2243 528 2298 fusco-nigro
566 2243 770 2292 fuscove,
811 2245 1015 2297 margine
1052 2243 1239 2297 pallido,
1280 2242 1466 2283 demum
1487 2242 1689 2287 excluso,

69 2324 232 2366 sporae
285 2311 556 2363 (secundum
603 2315 762 2352 annot.
812 2310 1088 2365 Nylanderi)
1117 2310 1379 2358 aciculares,
1414 2312 1687 2364 3-septatae‚

69 2378 215 2420 altero
251 2379 380 2433 apice
416 2380 635 2420 crassiore
672 2378 946 2432 obtusoque,
981 2377 1126 2419 altero
1158 2381 1405 2418 attenuato
1441 2382 1687 2430 acutoque,

67 2449 234 2495 rectae,
271 2446 393 2501 long.
434 2449 733 2495 0,03·2—0,038‚
772 2459 908 2486 crass.
947 2448 1080 2494 0,0035
1109 2445 1300 2493 millim.,
1324 2444 1489 2485 soralia
1511 2445 1691 2485 minora

70 2527 211 2568 quam
245 2514 293 2554 in
329 2513 657 2568 speciminibus
694 2513 753 2554 ad
785 2513 1015 2554 Jinretlen
1049 2512 1193 2553 lectis.
1259 2511 1322 2552 St.
1354 2511 1691 2564 condyloz'deum

68 2579 199 2630 Ach.,
232 2580 375 2622 Meth.
409 2580 535 2622 Lich.
570 2580 728 2635 Suppl.
769 2582 923 2632 (1803)
954 2594 999 2634 p.
1036 2582 1103 2628 51,
1137 2579 1390 2620 secundum
1421 2579 1687 2633 specimina,

68 2647 129 2689 ad
162 2652 334 2690 terram
374 2649 630 2702 glareosam
665 2649 712 2689 in
748 2648 910 2690 Suecia
944 2651 991 2688 et
1027 2646 1274 2688 Germania
1307 2646 1440 2694 lecta,
1477 2647 1524 2686 in
1558 2645 1686 2686 herb.

69 2714 182 2756 Ach.
222 2715 283 2757 ad
319 2715 382 2757 St.
422 2716 737 2757 condensatum
775 2715 969 2763 Hoffm.,
1007 2713 1384 2768 pseudopodetiis
1421 2712 1689 2753 esorediatis

67 2782 364 2833 instructum,
396 2784 614 2837 pertinet.
649 2808 706 2812 -—
736 2781 800 2823 St.
821 2783 985 2823 evoluto
1018 2780 1194 2822 Graeve
1227 2781 1397 2834 species
1428 2783 1586 2820 nostra
1616 2782 1689 2819 est

71 2849 227 2891 affinis
247 2854 294 2891 et
312 2851 585 2905 praesertim
605 2850 807 2891 verrucis
827 2847 1080 2902 majoribus
1100 2852 1146 2888 et
1167 2847 1341 2889 soraliis
1362 2846 1420 2887 ab
1439 2860 1492 2887 eo
1513 2845 1687 2886 differt.

2 2948 6 2953 .
70 2915 134 2957 St.
166 2917 381 2970 pileatum
408 2916 521 2958 Ach.
552 2916 930 2972 pseudopodetiis
959 2915 1212 2956 minoribus
1241 2918 1287 2956 et
1316 2915 1466 2954 minus
1494 2913 1689 2954 ramosis

69 2983 128 3024 ab
150 2983 236 3025 hac
258 2985 406 3038 specie
428 2984 742 3038 distinguitur.
