1965 3240
283 159 359 196 134
590 166 741 195 ARKIV
771 156 864 195 FoR
895 166 1122 196 BOTANIK.
1185 167 1316 195 BAND
1348 156 1388 197 8.
1449 167 1530 197 Νῑο
1561 155 1599 197 4.

281 277 345 321 (›,4
392 272 566 312 millim.
615 271 725 320 lata,
775 272 1004 326 adpressa,
1050 274 1251 327 primum
1294 272 1433 326 plana
1482 274 1775 327 margineque
1815 277 1889 314 sat

280 339 406 379 tenui
452 339 692 384 instructa,
745 338 851 379 dein
897 352 1104 380 convexa
1147 340 1576 393 immarginataque,
1624 341 1754 394 nigra
1806 345 1888 381 aut

278 407 455 460 impure
503 407 645 460 nigra,
688 419 845 460 opaca.
930 406 1207 461 Excipulum
1247 406 1295 446 in
1335 407 1537 460 margine
1576 406 1720 448 dilute
1759 421 1888 448 aeru-

278 474 501 527 ginosum,
536 477 740 513 ceterum
769 473 1301 528 fulvescenti-pallidum.
1367 472 1712 527 Hypothecium
1741 474 1887 516 fulve-

280 554 407 581 scens
433 544 514 580 aut
538 539 933 589 fulvo-rufescens,
961 555 1017 581 ex
1041 540 1208 595 hyphis
1233 541 1394 581 erectis
1419 540 1685 581 formatum.
1749 541 1887 582 Para-

278 607 446 662 physes
479 612 549 648 sat
582 607 685 648 laxe
718 611 799 648 aut
831 608 1003 661 partim
1035 612 1107 649 sat
1140 612 1264 648 arcte
1297 607 1605 656 cohaerentes,
1640 607 1883 662 simplices,

279 674 485 729 apicibus
545 674 708 715 leviter
764 675 1040 715 incrassatis.
1106 675 1390 729 Hymenium
1448 675 1549 715 circ.
1609 677 1891 724 0,070—--0,060

279 741 452 782 millim.
517 755 733 788 crassum,
797 741 904 794 jodo
961 743 1258 796 persistenter
1313 741 1633 783 caerulescens.
1699 741 1889 796 Epithe-

280 810 401 849 cium
432 808 1003 862 caeruleo-smaragdulum
1034 813 1113 850 aut
1145 808 1718 863 aeruginoso-fuligineum,
1752 808 1889 850 KHO

278 890 370 916 non
393 889 594 930 reagens.
658 875 763 916 Asci
789 876 971 925 clavati,
999 877 1125 930 apice
1150 876 1419 917 membrana
1441 877 1708 916 incrassata.
1773 876 1883 930 Spo-

278 957 354 983 rae
394 946 537 991 Stnae,
576 942 812 991 distichae,
850 943 1090 997 simplices,
1128 943 1371 992 decolores,
1407 942 1711 997 ellipsoideae,
1749 943 1888 997 apici-

280 1010 365 1050 bus
404 1010 680 1058 rotundatis,
717 1010 837 1064 long.
883 1014 1180 1060 0,010——0,015,
1220 1024 1354 1051 crass.
1396 1013 1676 1059 0,006⁷—-0,007
1712 1010 1886 1050 millim.

281 1103 338 1107 —
373 1077 654 1118 Intermedia
690 1082 759 1118 est
795 1078 915 1118 inter
950 1078 1000 1118 L.
1040 1078 1358 1130 subconqruam
1392 1082 1438 1118 et
1475 1077 1525 1117 L.
1563 1077 1882 1130 qoniophilam,

281 1144 338 1185 ab
369 1144 594 1185 ambabus
623 1144 767 1185 thallo
797 1144 933 1185 KHO
962 1159 1055 1186 non
1083 1149 1295 1199 reagente
1325 1144 1555 1185 differens.
1620 1144 1670 1185 L.
1700 1144 1888 1185 distrata

280 1212 406 1261 ΑΓΗ,
444 1211 569 1252 Lich.
608 1211 715 1252 Exs.
752 1225 796 1252 n.
838 1215 933 1260 941,
970 1213 1201 1253 reactione
1236 1211 1369 1252 thalli
1404 1216 1449 1252 et
1486 1211 1739 1265 apotheciis
1774 1212 1887 1252 atris

281 1279 338 1319 ab
364 1293 415 1319 ea
442 1279 613 1327 differt,
641 1284 689 1319 at
715 1278 880 1319 habitu
904 1280 944 1320 ei
969 1279 1229 1320 subsimilis.

398 1346 472 1386 Ad
502 1346 702 1400 lapidem
734 1347 781 1386 in
812 1347 992 1400 regione
1025 1346 1262 1387 meridiem
1292 1359 1450 1387 versus
1482 1360 1509 1387 a
1539 1359 1659 1400 pago
1691 1345 1890 1386 Pitlekai

280 1415 381 1454 sita.

402 1484 467 1521 46.
532 1483 582 1520 L.
644 1475 857 1530 latypiza
919 1481 1040 1535 Nyl„
1078 1480 1202 1521 Lich.
1243 1481 1361 1521 Nov.
1404 1481 1493 1521 Zel.
1531 1482 1684 1532 (1888)
1713 1494 1757 1534 p.
1794 1481 1888 1528 103,

281 1547 406 1588 Lich.
449 1548 577 1588 Paris
623 1550 776 1599 (1896)
816 1562 860 1602 p.
907 1551 973 1589 90.
1037 1548 1086 1588 L.
1137 1562 1369 1601 para-sema
1412 1547 1487 1587 *L.
1531 1547 1725 1600 latypiza
1763 1546 1886 1600 Nyl.‚

283 1615 389 1656 Obs.
421 1615 547 1655 Lich.
579 1615 684 1669 Pyr.
719 1614 792 1656 Or.
831 1617 983 1667 (1873)
1014 1629 1057 1669 p.
1093 1618 1159 1663 57,
1191 1615 1257 1655 Fl.
1295 1617 1404 1656 1873
1432 1628 1475 1668 p.
1512 1617 1578 1663 20,
1610 1613 1734 1654 Lich.
1780 1613 1886 1667 Pyr.

285 1682 358 1723 Or.
387 1681 492 1723 Obs.
518 1682 636 1723 Nov.
668 1684 821 1734 (1891)
844 1696 888 1736 p.
918 1685 983 1723 81.
1046 1682 1095 1722 L.
1121 1682 1377 1734 qonioplzna
1403 1681 1478 1721 *L.
1505 1681 1699 1734 latypiza
1720 1681 1886 1727 lVain„

284 1749 387 1802 Adj.
418 1749 543 1789 Lich.
573 1750 717 1803 Lapp.
747 1749 796 1789 Π
829 1751 982 1801 (1883)
1010 1763 1054 1803 p.
1087 1752 1153 1797 92,
1184 1748 1309 1789 Lich.
1342 1749 1458 1802 Exp.
1489 1747 1697 1802 Amdrup
1731 1749 1884 1799 (1905)

283 1831 327 1870 p.
357 1819 450 1858 137.

401 1883 587 1924 Thallus
629 1898 805 1924 crassus
847 1888 928 1924 aut
969 1888 1039 1924 sat
1083 1897 1273 1924 crassus,
1317 1897 1342 1923 e
1382 1883 1597 1930 verrucis,
1640 1881 1891 1922 verruculis

282 1956 329 1992 et
363 1951 523 1991 areolis
556 1951 659 2005 plus
693 1952 901 1992 minusve
937 1951 1146 1991 connatis
1181 1955 1261 1991 aut
1297 1951 1523 2004 contiguis
1557 1953 1639 1990 aut
1673 1948 1888 2003 dispersis

285 2022 514 2067 constans,
557 2018 751 2066 albidus,
795 2017 931 2059 KHO
964 2018 1156 2067 flavens,
1181 2017 1371 2070 CaCl202
1392 2030 1484 2057 non
1505 2029 1706 2070 reagens.
1770 2015 1892 2069 Apo-

285 2085 435 2126 thecia
459 2086 796 2140 approximata,
820 2087 1021 2139 primum
1043 2085 1181 2141 plana
1203 2089 1249 2125 et
1272 2085 1475 2138 margine
1497 2084 1624 2124 tenui
1647 2084 1890 2130 instructa,

285 2152 390 2193 dein
415 2166 619 2193 convexa
644 2154 1075 2206 immarginataque,
1103 2156 1218 2201 atra,
1245 2151 1384 2200 nuda,
1412 2165 1556 2205 opaca
1581 2154 1662 2191 aut>
1687 2149 1890 2203 margine

284 2221 485 2274 primum
525 2219 686 2260 nitido.
752 2219 1029 2273 Excipulum
1070 2233 1262 2274 superne
1305 2223 1386 2259 aut
1427 2223 1562 2259 extus
1604 2217 1892 2271 aeruginoso-

285 2286 553 2340 fuligineum
577 2291 657 2327 aut
682 2286 855 2327 inferne
879 2286 1376 2340 violaceo-fuligineum
1399 2290 1479 2326 aut
1503 2286 1629 2325 intus
1651 2283 1890 2338 pallidum,

286 2353 422 2394 KHO
446 2367 538 2394 non
560 2367 761 2408 reagens,
788 2368 844 2395 ex
867 2353 1035 2408 hyphis
1058 2353 1348 2394 radiantibus
1372 2352 1700 2405 conglutinatis
1723 2350 1892 2391 forma-

286 2425 401 2469 tum,
435 2420 716 2461 cavitatibus
747 2420 1012 2461 cellularum
1042 2420 1273 2468 tenuibus,
1306 2419 1583 2460 membranis
1614 2422 1685 2458 sat
1716 2416 1892 2461 modice

285 2488 561 2528 incrassatis.
637 2487 983 2541 Hypothecium
1033 2487 1439 2528 fulvo-fuseesoens
1484 2489 1566 2526 aut
1609 2483 1892 2525 fulvo-rube-

286 2568 428 2603 scens,
448 2554 584 2595 KHO
602 2568 765 2608 parum
781 2568 983 2608 reagens,
1004 2569 1060 2595 ex
1073 2553 1241 2608 hyphis
1254 2553 1416 2594 erectis
1430 2552 1696 2593 formatum.
1720 2551 1893 2605 Hyme-

285 2622 414 2662 nium
454 2621 562 2674 jodo
601 2622 898 2676 persistenter
938 2621 1258 2662 caerulescens.
1324 2619 1617 2674 Epithecium
1657 2618 1892 2672 aerugino-

285 2702 401 2737 sum,
447 2692 594 2729 strato
637 2689 765 2729 tenui
808 2687 1015 2729 decolore
1059 2687 1329 2736 obductum,
1375 2686 1510 2727 KHO
1553 2699 1646 2727 non
1687 2696 1889 2738 reagens.

286 2754 574 2809 Paraphyses
601 2759 673 2796 sat
700 2759 824 2796 arcte
852 2759 933 2795 aut
961 2759 1033 2795 sat
1061 2754 1163 2796 laxe
1191 2754 1500 2802 cohaerentes,
1530 2753 1734 2794 maxima
1758 2753 1891 2805 parte

286 2822 526 2876 simplices,
544 2835 679 2876 parce
696 2835 1145 2870 ramoso-connexae,
1165 2820 1446 2862 cavitatibus
1463 2819 1727 2861 cellularum
1744 2817 1892 2858 tenui-

287 2888 385 2937 bus,
422 2889 700 2930 membranis
733 2892 805 2929 sat
840 2888 1016 2929 modice
1050 2887 1602 2943 gelatinoso-incrassatis.
1665 2883 1770 2924 Asci
1804 2882 1893 2923 cla-

288 2956 399 3004 vati,
444 2956 571 3009 apice
613 2955 881 2996 membrana
920 2956 1186 2996 incrassata.
1251 2954 1420 3008 Sporae
1465 2956 1609 3001 8:nae‚
1653 2949 1892 2998 distichae,
