1965 3240
286 141 367 179 128
586 149 736 178 ARKJV
767 139 860 177 For„
890 147 1120 176 BOTANIK.
1183 147 1315 176 BAND
1349 136 1389 177 8.
1451 148 1532 177 N:o
1563 136 1602 178 4.

291 257 436 297 dilute
480 255 737 296 fuscescens
780 257 861 294 aut
903 253 1133 294 rufescens
1175 253 1247 294 vel
1291 253 1434 294 dilute
1475 254 1899 309 fuscescenti-palli-

292 324 418 372 dum,
454 322 628 363 inferne
660 322 753 362 late
787 320 994 361 albidum
1023 320 1320 375 pallidumve.
1356 345 1413 350 -—
1444 320 1737 375 Epithecium
1770 336 1898 364 aeru-

288 389 754 445 ginoso—fuligineum,
788 388 925 429 KHO
956 401 1049 429 non
1079 401 1280 441 reagens.
1345 387 1630 442 Hymenium
1659 388 1767 442 jodo
1799 403 1897 431 cae-

285 458 516 499 rulescens
555 460 637 497 aut
677 456 864 497 demum
901 456 1074 509 partim
1111 455 1382 495 fulvescens.
1446 455 1734 510 Paraphyses
1772 460 1897 498 arcte

286 525 595 573 cohaerentes,
629 522 892 571 mediocres,
927 523 1054 576 apice
1084 522 1247 563 leviter
1276 523 1570 563 incrassatae.
1621 522 1897 577 Excipulum

286 593 335 633 in
365 593 568 646 margine
601 592 936 644 aeruginosum,
968 589 1143 630 inferne
1173 588 1411 643 pallidum,
1443 604 1500 630 ex
1520 588 1688 644 hyphis
1713 590 1894 631 radian-

286 659 412 700 tibus
463 659 731 705 formatum,
785 656 1064 698 membranis
1113 656 1455 710 conglutinatis,
1505 656 1682 698 modice
1728 658 1897 698 incras-

285 727 411 775 satis,
467 725 758 780 cavitatibusl
807 724 1072 765 cellularum
1115 723 1322 777 oblongis
1365 727 1446 764 aut
1488 723 1774 778 ellipsoideis,
1819 738 1898 765 an-

284 795 431 848 gustis
474 797 556 834 aut
599 796 671 833 sat
714 792 937 846 angustis.
999 791 1346 845 Hypothecium
1393 805 1449 832 ex
1485 790 1653 845 hyphis
1683 791 1898 845 irregula-

286 862 397 902 riter
429 860 659 901 contextis
688 859 955 908 formatum,
975 858 1111 900 KHO
1152 872 1245 899 non
1279 872 1481 912 reagens.
1547 858 1715 912 Sporae
1750 861 1895 908 82nae,

286 927 523 977 distichae,
555 926 796 981 simplices,
827 926 1070 975 decolores,
1113 925 1349 979 oblongae,
1389 924 1596 979 apicibus
1624 925 1897 967 rotundato-

285 995 477 1044 obtusis,
522 995 642 1049 long.
690 997 988 1043 0,011-—0,014,
1035 1007 1170 1034 crass.
1230 996 1512 1042 0,004—0,005
1557 992 1732 1033 millim.
1781 992 1896 1034 Con-

286 1062 526 1117 ceptacula
555 1061 997 1117 pycnoconidiorum
1028 1060 1425 1109 verrucaeformia,
1460 1061 1562 1101 circ.
1583 1063 1693 1109 O,150
1720 1059 1894 1101 millim.

284 1130 395 1179 lata,
431 1129 954 1183 aeruginoso-fuliginea.
999 1128 1277 1181 Sterigmata
1308 1127 1546 1181 simplicia,
1578 1127 1710 1168 basin
1740 1140 1898 1168 versus

285 1198 453 1239 sensim
491 1198 759 1245 incrassata,
782 1196 903 1249 long.
937 1198 1217 1244 0,00ss—0,007
1254 1194 1447 1243 millim.,
1487 1193 1694 1248 apicibus
1725 1207 1897 1249 pycno-

293 1264 474 1305 conidia
504 1263 817 1305 efferentibus.
868 1262 1210 1317 Pycnoconidia
1240 1261 1723 1316 oblongo-cylindrica,
1756 1265 1896 1311 recta,

287 1331 495 1386 apicibus
524 1331 803 1380 rotundatis,
841 1330 961 1384 long.
995 1332 1293 1378 Ο,005-Ο,007,
1325 1343 1460 1370 crass.
1494 1332 1629 1378 0,0015
1658 1328 1833 1369 millim.

405 1411 553 1465 Supra
582 1409 768 1467 plantas
800 1408 1059 1449 destructas
1093 1407 1152 1448 ad
1183 1411 1354 1448 terram
1386 1420 1625 1448 arenosam
1641 1408 1689 1448 in
1703 1407 1896 1461 planitie

278 1477 477 1519 littorali
511 1491 654 1531 prope
690 1475 902 1517 Pitlekai.

402 1556 452 1596 F.
484 1556 777 1593 infuscatula
809 1554 958 1595 VVain.

403 1633 589 1675 Thallus
611 1637 683 1673 sat
704 1633 868 1681 tenuis,
893 1645 1161 1672 verrucosus
1183 1634 1229 1672 et
1251 1630 1582 1679 verruculosus,
1607 1629 1894 1671 obscuratus.

284 1701 541 1756 Apothecia
589 1700 776 1749 adnata,
827 1713 1047 1740 convexa.
1112 1697 1458 1752 Hypothecium
1507 1711 1698 1751 superne
1746 1697 1894 1738 fulvo-

281 1769 526 1810 rubescens
583 1767 657 1808 vel
713 1765 1233 1820 fuscescenti-pallidum
1289 1766 1473 1819 punctis
1530 1763 1892 1813 rubescentibus,

282 1836 459 1877 inferne
497 1834 722 1890 pallidum
753 1833 827 1875 vel
859 1833 1079 1881 albidum,
1114 1832 1250 1873 KHO
1282 1846 1374 1872 non
1405 1845 1606 1885 reagens,
1641 1845 1698 1872 ex
1728 1830 1896 1886 hyphis

280 1903 589 1957 irregulariter
645 1902 873 1943 contextis
928 1900 1194 1941 formatum.
1259 1898 1552 1954 Epithecium
1609 1899 1896 1952 aeruginoso-

282 1971 510 2025 nigricans
553 1973 635 2011 aut
677 1968 1187 2022 olivaceo-fuligineum‚
1232 1966 1368 2007 KHO
1410 1979 1503 2007 non
1543 1979 1745 2020 reagens.
1810 1965 1895 2006 Pa-

281 2037 502 2092 raphyses
548 2040 672 2078 arcte
718 2035 1027 2077 cohaerentes.
1092 2034 1261 2088 Sporae
1311 2037 1456 2082 82nae,
1503 2032 1741 2082 distichae,
1789 2033 1894 2073 sim-

281 2105 436 2159 plices,
477 2104 721 2152 decolores,
763 2101 1052 2157 ellipsoideae
1092 2105 1174 2142 aut
1213 2100 1450 2155 oblongae,
1492 2099 1698 2154 apicibus
1735 2103 1894 2140 rotun-

286 2172 422 2221 datis,
489 2171 609 2225 long.
684 2173 979 2220 O,008-—0,012,
1048 2182 1182 2209 crass.
1252 2171 1532 2217 O,004-0,005
1598 2166 1772 2207 millim.
1837 2191 1895 2196 —

284 2238 464 2280 Habitu
519 2242 707 2279 tantum
762 2236 907 2278 thallo
955 2237 1106 2276 minus
1147 2235 1334 2277 evoluto
1377 2249 1404 2275 a
1444 2235 1494 2275 L.
1538 2233 1790 2275 assimilata
1858 2233 1891 2274 f.

284 2305 508 2358 infuscata
542 2305 714 2354 differt,
752 2309 801 2345 at
836 2303 1104 2359 hypothecii
1139 2303 1287 2344 colore
1321 2306 1369 2343 et
1404 2305 1638 2342 structura
1673 2314 1777 2342 cum
1839 2300 1891 2341 L.

284 2373 442 2414 limosa
512 2385 777 2426 congruens.
820 2396 878 2401 —
917 2370 1113 2412 Gonidia
1152 2369 1354 2424 globosa,
1396 2368 1710 2416 flavescentia,
1752 2380 1893 2409 mem-

282 2439 428 2480 brana
477 2440 619 2488 tenui,
666 2442 853 2479 tantum
896 2437 1120 2492 simplicia
1151 2438 1265 2486 visa,
1300 2436 1437 2477 diam.
1473 2436 1574 2476 circ.
1610 2437 1892 2483 0,006—-0,005

283 2506 474 2555 millim.,
499 2508 655 2547 forsan
678 2519 771 2546 non
796 2509 1158 2559 cystococcacea.

401 2584 548 2639 Supra
584 2597 763 2624 muscos
799 2587 1009 2624 vetustos
1044 2583 1092 2622 in
1127 2580 1368 2636 peninsula
1400 2579 1641 2622 Jinretlen.

403 2665 470 2703 36.
533 2664 582 2700 L.
616 2662 941 2710 subdepressa
970 2660 1118 2702 VVain.
1159 2661 1219 2711 (n.
1254 2661 1360 2714 sp.).

401 2740 587 2782 Thallus
619 2739 813 2788 albidus,
846 2738 1140 2780 tenuissimus
1171 2740 1253 2778 aut
1283 2749 1572 2778 evanescens.
1636 2733 1891 2789 Apothecia

284 2807 613 2849 subturbinata
661 2810 743 2847 aut
787 2805 1016 2861 adpressa,
1058 2807 1248 2854 0‚7-0,3
1287 2803 1461 2844 millim.
1500 2803 1610 2851 lata,
1649 2801 1773 2842 disco
1811 2799 1890 2841 diu

281 2875 435 2930 plano,
484 2874 671 2915 demum
716 2886 850 2927 saepe
897 2871 1353 2926 depresso-convexo,
1402 2873 1517 2918 atro,
1566 2867 1703 2916 nudo,
1751 2866 1885 2917 laevi,

278 2945 357 2982 vsat
397 2955 555 2996 opaco,
598 2941 801 2994 margine
842 2940 970 2980 tenui
1011 2942 1093 2979 aut
1134 2937 1416 2985 tenuissimo,
1461 2935 1646 2976 demum
1686 2933 1886 2984 excluso,
