1965 3240
262 172 315 209 46
560 179 712 208 ARKiv
742 169 836 208 Fon
865 179 1096 209 ΒΟΤΑΝΙΚ.
1159 180 1292 209 BAND
1323 168 1363 210 8.
1426 181 1509 210 Nto
1540 169 1580 211 4.

261 285 387 326 Lich.
414 299 459 339 p.
492 287 587 334 426,
617 285 828 335 Zwackh,
856 285 982 326 Lich.
1012 285 1120 326 Exs.
1148 300 1192 326 n.
1225 289 1328 339 830)
1356 286 1610 340 apotheciis
1637 287 1876 330 substrato

258 353 460 406 primum
486 353 712 393 immersis
739 357 786 394 et
814 367 948 407 saepe
974 354 1204 407 pruinosis
1231 368 1259 394 a
1284 354 1335 394 L.
1365 353 1531 395 torrida
1558 354 1874 409 distinguitur.

259 419 309 460 L.
355 420 563 461 umbrina
612 419 797 472 (Ehrh.)
841 420 978 461 Mass.
1030 420 1097 472 (L.
1142 420 1324 473 Haqeni.
1364 420 1560 474 Koerb.)
1603 423 1876 476 praesertim

259 491 407 528 strato
441 487 646 527 corticali
677 487 876 542 excipuli
910 487 967 528 ab
1000 487 1086 528 hac
1119 489 1267 542 specie
1300 488 1472 529 differt.
1538 488 1747 531 Stratum
1779 503 1876 531 cor-

259 554 394 595 ticale
432 555 480 595 in
518 558 651 608 parte
691 555 921 609 superiore
961 556 1179 609 marginis
1219 555 1449 609 apothecii
1487 556 1535 596 in
1573 555 1624 596 L.
1665 556 1876 598 umbrina

257 621 383 662 haud
415 622 669 670 evolutum,
706 626 755 662 at
787 623 835 662 in
866 626 999 676 parte
1032 622 1243 663 inferiore
1276 622 1474 677 excipuli
1508 623 1873 678 cartilagineum,

257 690 359 729 circ.
420 692 705 738 0,030——0,050
760 689 936 729 millim.
996 702 1213 739 crassum,
1272 689 1398 731 haud
1443 690 1753 744 granulosum,
1802 695 1876 732 sat

257 755 371 797 bene
413 756 709 810 pellucidum,
754 756 847 797 fere
891 756 1220 806 decoloratum,
1266 771 1322 798 ex
1364 757 1533 811 hyphis
1576 757 1876 799 verticalibus

255 823 674 877 pachydermaticis
739 823 1007 873 formatum,
1077 823 1359 865 cavitatibus
1414 824 1679 866 cellularum
1733 838 1876 880 angu-

256 891 481 931 stissimis.

373 958 446 998 Ad
475 972 587 998 saxa
616 958 821 999 calcarea
849 958 897 998 in
924 958 1167 1012 peninsula
1192 958 1435 1000 Jinretlen.

378 1029 441 1065 16.
507 1027 555 1064 L.
587 1026 1005 1064 Nordenskioeldii
1036 1026 1184 1067 Wain.
1218 1028 1278 1077 (n.
1305 1028 1411 1080 sp.).

374 1092 561 1133 Thallus
611 1097 888 1142 crustaceus,
938 1093 1193 1142 uniformis,
1244 1107 1267 1134 e
1315 1094 1517 1134 verrucis
1564 1093 1876 1135 verruculisve

254 1160 357 1214 plus
379 1161 590 1201 minusve
612 1161 780 1214 sparsis
803 1164 1033 1209 constans,
1058 1160 1239 1201 albidus
1260 1165 1343 1201 aut
1365 1161 1662 1210 cinerascens,
1686 1174 1873 1215 opacus,

256 1227 392 1269 KHO
408 1241 501 1268 non
516 1232 598 1268 aut
614 1227 739 1268 haud
755 1227 972 1268 distincte
986 1241 1188 1282 reagens,
1206 1227 1479 1282 hypothallo
1494 1228 1619 1269 nullo
1635 1228 1871 1269 distincto.

255 1294 512 1349 Apothecia
558 1298 751 1344 O,4-—l,2
786 1295 960 1335 millim.
997 1295 1108 1344 lata,
1146 1295 1449 1336 crassitudine
1497 1295 1758 1344 mediocria,
1806 1295 1873 1336 di-

255 1376 409 1416 spersa
448 1367 529 1403 aut
569 1367 829 1417 aggregata,
869 1362 1049 1417 peltata
1086 1367 1133 1403 et
1171 1362 1270 1403 basi
1309 1362 1423 1403 bene
1457 1363 1721 1412 constricta,
1746 1362 1872 1403 disco

253 1430 392 1483 plano
422 1434 504 1471 aut
534 1430 721 1471 demum
752 1443 973 1479 convexo,
1004 1430 1133 1470 fusco
1164 1435 1246 1471 aut
1275 1430 1695 1484 fusco-nigricante,
1728 1429 1869 1479 nudo,

254 1511 412 1551 opaco,
451 1498 655 1551 margine
692 1497 910 1546 thallode,
950 1501 1022 1538 sat
1058 1498 1201 1546 tenui,
1239 1497 1384 1538 thallo
1421 1497 1672 1546 concolore,
1711 1511 1870 1551 opaco,

252 1565 431 1618 integro
473 1569 555 1605 aut
596 1565 742 1605 rarius
784 1564 1019 1605 crenulato
1060 1564 1341 1613 flexuosove,
1385 1566 1672 1618 persistente.
1738 1564 1873 1605 Exci-

253 1632 414 1685 pulum
448 1631 634 1686 gonidia
668 1636 1021 1686 cystococcacea
1055 1632 1307 1680 continens,
1345 1636 1493 1673 strato
1528 1631 1732 1673 corticali
1766 1633 1870 1672 circ.

255 1702 537 1747 0,030-—0,040
586 1699 761 1739 millim.
813 1713 978 1748 crasso,
1030 1713 1086 1740 ex
1132 1698 1300 1753 hyphis
1338 1699 1646 1753 irregulariter
1683 1703 1871 1740 contex-

253 1767 327 1815 tis,
368 1768 804 1815 ramoso-connexis,
846 1771 918 1807 sat
957 1766 1072 1807 bene
1110 1766 1543 1820 pachydermaticis,
1585 1765 1870 1819 conglutina-

254 1834 312 1874 tis
346 1834 562 1882 formato,
600 1834 883 1875 cavitatibus
919 1833 1184 1874 cellularum
1220 1838 1292 1874 sat
1325 1834 1481 1887 parvis
1515 1834 1757 1881 instructo,
1795 1846 1868 1873 su-

253 1914 391 1955 perne
423 1902 675 1955 marginem
706 1915 864 1942 versus
896 1905 1155 1949 attenuato,
1189 1902 1236 1941 in
1267 1914 1446 1941 summo
1478 1901 1681 1954 margine
1712 1899 1869 1940 defici—

254 1967 422 2009 diente.
488 1968 836 2022 Hypothecium
891 1968 1117 2022 pallidum
1172 1967 1245 2008 vel
1302 1967 1521 2008 albidum.
1587 1967 1872 2021 Hymenium

255 2036 357 2076 circ.
417 2038 527 2084 0,080
583 2036 758 2076 millim.
805 2049 1022 2084 crassum,
1069 2035 1178 2088 jodo
1221 2036 1519 2089 persistenter
1563 2034 1872 2075 caerulescens

254 2107 336 2142 aut
358 2102 543 2143 demum
563 2104 735 2157 partim
757 2103 1086 2151 decoloratum,
1111 2103 1225 2143 ascis
1246 2102 1544 2155 persistenter
1565 2101 1871 2143 caerulescen—

255 2169 394 2210 tibus.
459 2170 754 2224 Epithecium
798 2170 1042 2211 rubescens
1087 2174 1169 2210 aut
1212 2170 1444 2210 rufescens
1489 2173 1570 2210 aut
1613 2169 1872 2209 fuscescens

255 2242 337 2277 aut
376 2237 556 2278 sordide
593 2238 865 2286 fuscescens,
907 2237 1043 2278 KHO
1081 2251 1174 2278 non
1212 2250 1414 2291 reagens,
1456 2235 1607 2289 HNO3
1643 2235 1869 2276 violaceo-

254 2318 550 2358 purpureum.
616 2304 905 2359 Paraphyses
935 2308 1059 2345 arcte
1090 2303 1400 2353 cohaerentes,
1433 2308 1505 2344 sat
1535 2308 1709 2351 tenues,
1742 2302 1872 2356 apice

255 2371 479 2420 clavatae,
513 2372 740 2426 simplices
771 2377 817 2412 et
846 2385 929 2425 pro
959 2377 1091 2425 parte
1121 2372 1385 2425 parcissime
1416 2383 1867 2411 ramoso-connexae.

254 2438 360 2479 Asci
402 2439 586 2480 clavati.
652 2439 822 2493 Sporae
868 2442 1012 2486 82nae,
1057 2438 1294 2487 distichae,
1339 2437 1579 2491 simplices,
1623 2436 1868 2484 decolores,

255 2505 545 2560 ellipsoideae
588 2511 670 2546 aut
715 2505 952 2560 oblongae,
990 2505 1196 2559 apicibus
1230 2504 1506 2552 rotundatis,
1542 2504 1662 2557 long.
1700 2506 1872 2552 0,009—

257 2576 379 2620 0.01·5,
441 2586 576 2613 crass.
639 2576 922 2621 O‚004——0,005
980 2572 1154 2612 millim.
1231 2571 1665 2626 Pycnoconidangia
1723 2569 1868 2610 thallo

254 2640 482 2687 immersa,
535 2640 862 2694 conceptaculo
913 2639 1424 2680 caeruleo—fuscescente
1480 2637 1581 2691 (sub
1629 2638 1869 2677 microsco—

254 2707 368 2760 pio).
433 2707 775 2761 Pycnoconidia
828 2707 1077 2754 filisormia,
1123 2705 1237 2746 bene
1281 2710 1488 2753 curvata,
1533 2705 1652 2758 long.
1699 2707 1870 2752 O‚0·20--

257 2777 379 2822 O‚026,
412 2787 548 2814 crass.
582 2777 714 2823 0,0007
744 2774 919 2814 niillim.
954 2798 1011 2802 ——
1036 2772 1203 2813 Affinis
1223 2777 1292 2813 est
1311 2772 1360 2813 L.
1383 2772 1629 2813 crenulatae
1654 2769 1867 2823 (Dicks.),

256 2854 283 2881 a
343 2855 434 2894 qua
498 2842 769 2895 praesertim
833 2841 980 2881 colore
1027 2840 1375 2894 apotheciorum
1422 2839 1594 2880 differt.
1687 2836 1867 2878 Habitu

257 2909 401 2961 magis
445 2912 515 2948 est
546 2908 704 2949 similis
735 2908 983 2949 Lecanorae
1013 2907 1247 2959 Belzrinqii
1277 2906 1399 2960 Ny1.‚
1433 2910 1482 2946 at
1513 2909 1700 2946 textura
1730 2903 1867 2944 strati

256 2974 483 3015 corticalis
527 2975 874 3029 apotheciorum
918 2974 976 3015 ab
1019 2988 1073 3015 ea
1116 2973 1347 3014 differens.
1413 2973 1526 3014 Cum
1569 2972 1619 3012 L.
1664 2971 1868 3024 dispersa
