1965 3240
266 159 308 188 E.
341 158 537 194 wanno,
574 158 810 187 LlCHENfiS
845 159 993 188 PROPE
1028 159 1249 188 riTLEKA-xi
1282 161 1523 190 (mm-:cfr
1671 155 1714 192 17

726 397 764 433 3.
829 393 1094 435 Rainalina.

244 515 278 552 l.
339 513 391 550 R.
427 511 507 560 (st.
541 511 816 558 Fistularia)
854 512 1118 559 Almquisti
1151 511 1297 552 lVain.
1337 515 1398 563 (n.
1433 514 1538 566 sp).

221 601 409 642 Thallus
429 601 594 649 brevis,
616 600 904 655 longitudine
924 602 1026 641 circ.
1053 604 1192 641 6—24
1217 604 1367 654 (—65)
1390 602 1578 644 millim..
1601 617 1720 644 crec-

100 673 191 717 tus,
209 669 531 710 teretiusculus
554 673 635 709 aut
658 669 831 722 partim
848 667 951 721 plus
966 670 1176 710 minusve
1191 683 1491 723 compressus,
1513 670 1716 712 inflatus.

100 737 258 779 crebre
294 741 376 777 aut
412 741 483 776 sat
507 735 661 777 crebre
690 749 912 783 ramosus,
946 737 1085 776 ramis
1117 736 1414 777 crassioribus
1442 739 1544 778 circ.
1573 742 1720 779 3—1).5

105 804 281 845 millim.
321 805 498 851 crassis,
538 802 746 857 apicibus
784 802 1002 844 tenuibus
1039 808 1083 844 et
1122 805 1290 845 sensim
1328 806 1584 845 attenuatis
1616 819 1719 846 acu-

102 873 255 926 tisque
299 876 345 912 et
390 870 659 912 esorediatis
704 876 784 911 aut
832 870 1010 911 obtusis
1055 875 1099 911 et
1147 871 1402 919 sorediatis,
1448 872 1718 927 laevigatus.

100 939 266 981 leviter
289 939 479 981 nitidus.
506 938 812 979 foraminibus
837 937 974 979 nullis
999 943 1081 979 aut
1106 940 1256 992 parcis
1273 939 1475 980 inlatere
1493 941 1718 981 inferiore.

100 1012 307 1049 ceterum
360 1006 502 1048 latere
556 1007 788 1060 superiore
840 1011 885 1046 et
932 1006 1144 1047 inferiore
1184 1011 1256 1047 sat
1296 1007 1533 1055 similibus,
1573 1013 1721 1048 strato

100 1074 309 1116 corticali
358 1079 429 1115 sat
479 1074 734 1127 aequaliter
781 1075 1051 1121 incrassato,
1102 1078 1251 1115 strato
1300 1074 1539 1115 medullari
1584 1074 1720 1115 KHO

103 1156 198 1184 non
251 1146 481 1196 reagente,
540 1141 638 1182 basi
690 1146 888 1190 mortua,
946 1142 1074 1195 apice
1129 1141 1279 1182 adhuc
1324 1141 1402 1182 diu
1446 1156 1719 1183 accrescens.

98 1209 378 1264 [Apothecia
429 1212 539 1249 4—:2
585 1209 761 1250 millim.
812 1209 922 1257 lata,
973 1209 1324 1250 subterminalia
1362 1214 1443 1250 aut
1475 1224 1557 1264 pro
1588 1217 1721 1263 parte

102 1277 416 1325 sublateralia,
467 1276 655 1318 demum
702 1276 905 1317 breviter
951 1276 1244 1330 podicellata,
1295 1277 1481 1318 demum
1525 1276 1721 1331 abrupte

101 1345 368 1393 constricta,
411 1344 623 1399 excipulo
665 1344 829 1385 subtus
870 1344 1116 1398 laevigato,
1161 1344 1286 1385 disco
1327 1344 1451 1385 nudo
1492 1350 1571 1385 aut
1616 1344 1720 1385 sub-

104 1412 244 1461 nudo,
273 1412 674 1466 testaceo—pallido
701 1416 783 1452 aut
812 1411 956 1452 thallo
983 1412 1076 1452 fere
1104 1411 1341 1453 concolore
1364 1413 1718 1465 stramine-oque.

103 1481 275 1535 Sporae
309 1479 547 1534 oblongae,
583 1484 749 1528 rectae,
787 1479 994 1533 apicibus
1027 1479 1293 1520 rotundatis
1327 1484 1407 1520 aut
1442 1493 1543 1520 raro
1577 1479 1721 1520 altero

103 1549 234 1602 apice
281 1547 463 1596 obtuso,
506 1547 626 1602 long.
670 1550 966 1596 0,013—0,011,
1010 1560 1146 1588 crass.
1190 1550 1471 1596 0,004—0,005
1511 1546 1718 1600 millim.].

225 1615 412 1656 Thallus
440 1616 882 1664 osseo-stramineus,
912 1629 1060 1669 neque
1088 1628 1295 1669 superne,
1325 1629 1406 1656 nec
1433 1616 1558 1655 intus
1585 1614 1721 1655 KHO

106 1688 191 1724 aut
233 1682 427 1735 CaCl2O2
458 1697 660 1738 reagens,
702 1687 751 1723 at
784 1682 854 1723 his
887 1683 1133 1736 reagentiis
1170 1683 1312 1723 unitis
1340 1696 1532 1736 superne
1560 1681 1722 1722 leviter

107 1751 351 1799 lutescens,
386 1752 573 1792 omnino
605 1749 890 1792 esorediatus
923 1755 1005 1790 aut
1038 1750 1214 1790 soraliis
1245 1751 1415 1804 parvis,
1443 1748 1720 1790 rotundatis.

107 1818 254 1859 thallo
282 1818 701 1867 subconcoloribus,
730 1819 778 1859 in
805 1817 1013 1872 apicibus
1040 1822 1087 1858 et
1114 1818 1256 1858 latere
1283 1817 1724 1870 ramulorum,prae-

106 1887 268 1927 sertim
315 1886 563 1940 apicalium
612 1887 725 1935 sitis,
776 1900 912 1940 saepe
960 1886 1232 1939 aggregatis,
1282 1884 1417 1925 valde
1460 1886 1723 1925 inconstan-

108 1953 248 2002 tibus,
301 1967 449 2008 neque
499 1955 636 2003 striis,
688 1968 771 1994 nec
822 1954 944 2008 rugis
994 1951 1407 2007 longitudinalibus
1455 1953 1722 1999 instructus,

107 2022 281 2076 partim
314 2021 567 2070 fistulosus,
603 2023 776 2076 partim
811 2034 1101 2069 cavernosus,
1139 2019 1238 2060 basi
1271 2019 1505 2060 interdum
1539 2017 1725 2072 subper-

72 2138 76 2140 ,
111 2090 318 2138 sistente,
360 2090 536 2143 pariete
583 2091 687 2130 circ.
731 2091 1013 2138 0,080—0,050
1053 2087 1227 2128 millim.
1271 2100 1436 2135 crasso,
1478 2085 1604 2126 haud
1644 2089 1726 2125 aut

108 2170 276 2210 parum
337 2156 553 2206 lacerato,
616 2171 765 2211 neque
826 2157 1036 2197 fasciato.
1107 2155 1317 2197 Stratum
1381 2153 1594 2194 corticale
1649 2167 1725 2194 ex-

109 2225 252 2265 terius
286 2227 398 2273 0,020
442 2227 649 2276 (—O‚030)
684 2224 859 2265 millim.
896 2236 1114 2271 crassum,
1150 2221 1275 2263 haud
1308 2221 1422 2263 bene
1456 2221 1723 2267 limitatum,

108 2291 469 2346 impellucidum,
505 2291 881 2339 chondroideum,
915 2290 1108 2345 granula
1139 2289 1265 2330 lutea
1297 2288 1590 2330 abundanter
1620 2301 1725 2328 con-

110 2360 277 2409 tinens,
329 2374 386 2401 ex
435 2359 604 2415 hyphis
653 2359 963 2414 irregulariter
1012 2357 1262 2412 dispositis,
1314 2370 1462 2410 neque
1508 2356 1726 2397 distincte

108 2426 539 2482 longitudinalibus,
594 2426 967 2469 transversaliter
1018 2424 1172 2466 crebre
1223 2424 1416 2464 ramosis
1447 2428 1493 2464 et
1524 2435 1726 2463 ramoso-

109 2495 342 2544 connexis,
376 2495 568 2536 maculis
597 2496 708 2536 retis
739 2493 1003 2549 hypharum
1032 2492 1126 2533 fere
1158 2505 1302 2546 aeque
1332 2491 1492 2545 longis,
1526 2504 1578 2531 ac
1603 2489 1723 2537 latis,

109 2562 394 2604 eavitatibus
442 2562 710 2604 cellularum
757 2561 965 2615 oblongis
1013 2564 1095 2600 aut
1143 2558 1450 2607 difformibus,
1493 2555 1723 2604 tenuibus,

110 2629 391 2687 membranis
433 2630 548 2671 bene
590 2630 870 2676 incrassatis,
915 2627 1259 2682 conglutinatis,
1303 2625 1448 2666 limite
1494 2623 1618 2665 nullo
1661 2623 1726 2663 di-

110 2697 284 2738 stincto
335 2696 551 2752 (hydrate
597 2696 761 2745 kalico,
810 2695 942 2736 acido
988 2695 1162 2735 acetico
1207 2698 1255 2734 et
1301 2692 1409 2746 jodo
1432 2694 1724 2741 tractatum).

110 2764 324 2806 Stratum
357 2764 572 2805 corticale
606 2765 800 2805 interius
835 2764 938 2803 circ.
977 2763 1258 2811 0,030—0‚060
1292 2759 1467 2800 millim.
1505 2770 1721 2805 crassum,

111 2831 490 2880 chondroideum,
529 2845 678 2885 neque
714 2831 881 2871 fascias
917 2829 1137 2877 formans,
1176 2841 1258 2868 nec
1303 2829 1401 2878 (aut
1439 2827 1624 2880 parum)
1662 2823 1726 2863 la-

112 2903 336 2948 ceratum,
391 2898 802 2953 semipellucidum,
853 2895 980 2937 haud
1019 2894 1332 2949 granulosum,
1376 2891 1545 2947 hyphis
1583 2891 1726 2945 longi-

111 2965 415 3015 tudjnalibus,
474 2965 819 3020 conglutinatis,
883 2963 1101 3004 distincte
1151 2961 1376 3001 limitatis.
1443 2958 1726 3013 Hymenium

227 3051 336 3080 Arkic
359 3052 417 3088 fiir
442 3050 588 3080 bolanc'lc.
638 3050 737 3079 Bam!
763 3051 792 3078 8.
844 3049 905 3078 Nm
931 3049 960 3077 4.
1595 3044 1613 3072 ‘2
