1965 3240
145 151 189 180 E.
223 150 421 187 mero,
455 148 693 178 mouns-Rs
724 147 877 177 PROPE
909 145 1136 176 PITLEKAI
1168 145 1410 174 COLLECTI.
1591 135 1666 172 113

47 258 194 300 thallo
230 258 397 299 citrino
432 256 633 311 disperse
670 268 913 296 verrucoso
949 254 1245 301 instructum,
1283 251 1429 305 sporis
1466 251 1585 291 sicut
1622 251 1669 291 in

45 326 354 380 descriptione
398 324 439 365 Ν
442 323 744 379 ylanderiana
795 321 1053 364 indicatum
1098 324 1183 361 est.
1248 318 1388 359 Aliud
1437 319 1670 372 specimen

55 397 118 446 (n.
151 396 329 445 10019),
357 391 519 433 arcolis
545 390 677 432 thalli
702 389 866 445 planis,
894 388 1010 430 albis
1034 389 1330 436 instructum,
1350 385 1439 427 huc
1456 399 1549 426 non
1568 399 1670 440 per-

46 462 182 502 tinet.

165 527 239 568 Ad
260 542 373 568 saxa
395 527 657 579 gneissacea
678 526 725 566 in
746 524 990 580 peninsula
1007 522 1251 566 Jinretlen.

171 598 236 635 14.
301 597 349 634 L.
382 597 662 633 atroalbens
695 592 818 647 Nyl.,
846 592 1014 633 Enum.
1048 590 1174 633 Lich.
1199 590 1322 631 Fret.
1348 588 1483 630 Behr.
1513 590 1669 641 (1888)

45 677 91 719 p.
124 666 179 704 50
210 661 414 715 (secund.
444 676 511 716 sp.
542 663 651 715 orig.
681 675 725 701 n.
761 663 901 701 10018
926 660 974 700 in
1000 658 1128 700 herb.
1158 657 1305 712 Nyl.).

166 729 354 772 Thallus
395 743 666 770 verrucosus
706 732 788 769 aut
828 727 1073 776 areolatus‚
1117 725 1279 767 areolis
1318 724 1547 778 contiguis
1588 727 1671 765 aut

45 798 231 853 sparsis,
258 796 524 839 rotundatis
550 801 632 837 aut
658 795 903 850 angulosis,
930 794 1069 849 vulgo
1096 793 1328 842 convexis,
1355 793 1502 832 rarius
1527 805 1595 846 pr.
1623 805 1669 846 p.

45 866 211 921 planis,
258 868 407 913 l-0,2
438 863 613 905 millim.
646 864 766 913 latis,
799 863 914 904 albis
944 866 1026 904 aut
1055 861 1236 910 albidis,
1267 859 1490 908 laevibus,
1522 873 1672 913 neque

46 947 258 989 superne,
297 946 381 974 nec
418 933 546 973 intus
584 931 776 985 CaCl2O2
813 944 1016 986 reagens,
1058 928 1194 971 KHO
1225 941 1420 982 superne
1441 926 1672 968 lutcscens

46 1001 305 1055 deindeque
338 999 598 1048 rubescens,
633 1000 994 1054 praecipitatum
1026 996 1324 1052 granulosum
1356 994 1549 1036 rubrum
1582 994 1673 1035 for-

49 1082 196 1118 mans,
235 1070 362 1109 intus
398 1067 562 1108 leviter
598 1066 841 1115 lutescens,
881 1070 931 1107 at
967 1079 1061 1107 non
1095 1064 1342 1106 rubescens
1379 1066 1462 1104 aut
1497 1063 1673 1117 passim

48 1137 236 1192 punctis
261 1134 626 1177 rubescentibus.
694 1134 1009 1189 Hypothallus
1034 1133 1264 1187 nigricans
1281 1131 1544 1172 distinctus.
1580 1129 1673 1171 Me-

47 1203 176 1246 dulla
197 1203 306 1258 jodo
328 1204 507 1244 intense
530 1202 855 1243 caerulcscens.
919 1200 1178 1256 Apothecia
1198 1200 1319 1241 inter
1342 1197 1517 1239 areolas
1540 1197 1674 1238 thalli

48 1273 154 1321 sita,
196 1272 339 1313 etiam
363 1271 411 1311 in
436 1269 711 1325 hypothallo
737 1269 940 1319 evoluta,
974 1271 1161 1318 1,5—0‚7
1189 1267 1365 1308 millim.
1393 1265 1504 1316 lata,
1531 1267 1674 1307 inter-

47 1339 162 1381 dum
197 1338 386 1381 demum
419 1337 700 1392 irregularia,
739 1337 864 1378 disco
899 1335 1188 1392 planiusculo
1224 1338 1308 1376 aut
1343 1333 1531 1375 demum
1567 1346 1674 1374 con-

52 1421 183 1457 vexo,
215 1408 359 1462 nigro,
391 1406 532 1455 nudo,
565 1419 725 1460 opaco,
758 1405 963 1459 margine
993 1405 1136 1458 nigro,
1168 1403 1372 1458 primum
1402 1415 1555 1442 crasso
1585 1400 1674 1442 cle-

49 1479 268 1529 vatoque,
303 1474 490 1515 demum
522 1477 784 1514 attenuato.
850 1471 1129 1527 Excipulum
1160 1474 1296 1512 extus
1328 1469 1512 1511 sordide
1544 1482 1674 1509 aeru-

46 1541 503 1597 ginoso—fuligineum
519 1545 601 1582 aut
616 1541 789 1596 partim
805 1539 986 1581 sordide
1002 1537 1516 1592 violaceo-fuligineum,
1535 1535 1673 1577 KHO

48 1624 144 1652 non
180 1623 384 1664 reagens,
423 1610 550 1650 intus
588 1608 770 1650 sordide
807 1607 1033 1663 pallidum
1071 1610 1154 1648 aut
1190 1605 1493 1654 rubricosum,
1534 1603 1673 1645 KHO

48 1678 329 1719 solutionem
359 1677 536 1718 luteam
567 1675 826 1725 effundens,
861 1675 1048 1716 demum
1079 1674 1440 1729 praecipitatum
1471 1672 1675 1713 rubrico-

48 1759 154 1787 sum
197 1744 495 1800 granulosum
538 1744 833 1785 formantem.
899 1741 1248 1797 Hypothecium
1292 1740 1547 1781 rubricoso·
1592 1743 1675 1780 aut

47 1813 445 1867 fusco-nigricans,
491 1811 628 1853 KHO
669 1825 762 1852 non
789 1824 992 1865 reagens.
1057 1809 1343 1864 Hymenium
1371 1809 1474 1849 circ.
1507 1811 1679 1857 O,180-—

49 1884 162 1931 O,140
194 1880 370 1921 millim.
402 1893 621 1929 crassum,
645 1879 753 1932 jodo
774 1879 1072 1933 persistenter
1093 1876 1419 1918 caerulescens.
1484 1874 1676 1930 Epithe-

47 1950 172 1990 cium
191 1947 373 1989 sordide
395 1946 960 2002 aeruginoso-fuligineum
982 1948 1064 1986 aut
1086 1943 1231 1985 dilute
1248 1943 1520 1992 coloratum,
1538 1941 1675 1984 KHO

47 2029 143 2057 non
189 2029 393 2070 reagens.
458 2014 747 2070 Paraphyses
796 2026 1249 2054 ramoso-connexae.
1314 2011 1485 2066 Sporae
1527 2013 1674 2059 8:nae,

48 2082 289 2136 distichae,
323 2082 474 2125 medio
503 2097 639 2138 saepe
670 2082 834 2123 leviter
864 2080 1157 2129 constrictae,
1195 2082 1452 2133 l-septatae
1472 2081 1519 2119 et
1540 2091 1675 2133 saepe

47 2164 118 2206 pr.
156 2165 201 2206 p.
252 2150 441 2192 demum
486 2153 744 2205 3-septatac
791 2149 877 2200 (his
915 2148 1058 2202 septis
1100 2147 1362 2188 accessoriis
1416 2145 1672 2198 tenuibus),

47 2218 231 2260 sordide
265 2219 555 2273 aeruginoso-
590 2221 672 2258 aut
705 2215 1295 2269 fuscescenti-nigricantes,
1331 2217 1480 2254 strato
1513 2212 1675 2267 gelati-

48 2299 163 2327 noso
220 2289 525 2335 0,002—0,0015
582 2284 758 2326 millim.
818 2297 985 2332 crasso,
1038 2281 1311 2324 membrana
1352 2284 1558 2322 ceterum
1600 2283 1674 2321 sat

47 2353 304 2408 aequaliter
334 2353 512 2395 modice
545 2354 815 2400 incrassata,
847 2350 968 2405 long.
1003 2352 1302 2400 0,019—-0,027,
1336 2362 1472 2390 crass.
1502 2351 1677 2398 0,010—-

49 2424 162 2471 0,013
195 2421 372 2462 millim.

167 2488 242 2529 Ad
265 2503 379 2530 saxa
402 2490 450 2529 in
474 2486 717 2542 peninsula
738 2486 769 2528 J
772 2485 981 2528 inretlen.

173 2559 237 2597 15.
301 2558 353 2596 L.
385 2557 731 2604 albopunctata
761 2553 910 2596 Wain.
944 2555 1005 2606 (n.
1034 2555 1142 2608 sp.).

167 2623 355 2665 Thallus
382 2636 667 2671 verrucosus,
696 2622 897 2663 verrucis
924 2634 1064 2676 supra
1089 2618 1418 2675 hypothallum
1444 2618 1672 2673 nigrican-

47 2695 146 2732 tem
177 2691 251 2732 vel
283 2680 785 2745 cyaneo-nigricantem
815 2688 1045 2744 dispersis,
1079 2687 1218 2742 vulgo
1249 2685 1529 2735 rotundatis,
1564 2698 1672 2726 con-

49 2759 194 2807 vexis,
235 2761 299 2807 O,5
310 2761 427 2807 —0,2
454 2757 630 2798 millim.
658 2756 779 2806 latis,
808 2756 925 2798 albis
952 2759 1034 2798 aut
1061 2754 1241 2804 albidjS,
1269 2753 1493 2803 laevibus,
1522 2766 1674 2806 neque

49 2838 262 2880 superne,
301 2839 384 2866 nec
420 2826 547 2866 intus
584 2824 778 2878 CaCl202
811 2837 1017 2879 reagens,
1056 2835 1252 2877 superne
1289 2825 1336 2862 et
1372 2822 1500 2862 intus
1537 2818 1677 2860 KHO

48 2892 278 2934 lutescens
323 2892 580 2946 deindeque
623 2891 883 2934 rubescens.
947 2889 1150 2932 Medulla
1193 2888 1302 2942 jodo
1347 2887 1674 2930 caerulescens.

49 2959 250 3002 Gonidia
275 2964 642 3015 cystococcacea,
670 2959 874 3014 globosa,
902 2957 1173 3000 membrana
1198 2955 1376 2997 modice
1401 2956 1672 2996 incrassata.

168 3048 279 3078 Arkiv
303 3049 360 3086 Γόν
385 3048 534 3078 botanik.
582 3048 683 3077 Band
708 3048 738 3077 8.
791 3047 853 3076 Nm
880 3046 911 3077 4.
1571 3041 1589 3070 3
