1965 3240
212 166 254 195 E.
287 164 485 202 WAINIO,
520 163 761 194 LICHENES
793 162 947 192 PROPE
978 161 1205 191 PITLEKAI
1237 161 1480 191 COLLECTI.
1623 154 1678 193 47

57 271 342 325 (Sommerf.)
379 272 426 312 in
453 270 559 326 Nyl.
590 271 757 312 Enum.
786 268 913 310 Lich.
942 268 1065 310 Fret.
1096 267 1231 309 Behr.
1260 282 1304 323 p.
1337 272 1390 309 80
1417 269 1674 310 commixta

51 345 136 382 est.

168 407 242 449 Ad
279 421 392 448 saxa
428 406 692 461 gneissacea
728 406 775 446 in
811 403 1055 460 peninsula
1088 403 1318 445 Jinretlen
1356 407 1403 444 et
1440 404 1486 444 in
1524 403 1677 445 insula

54 475 244 529 Idlidlja
269 489 412 530 prope
438 488 609 529 pagum
637 473 832 528 Tjapka.

173 546 238 585 17.
303 545 352 582 L.
417 543 658 591 Behringii
719 540 842 596 Nyl.,
908 539 975 581 ΕΙ.
1047 542 1158 579 1885
1221 553 1266 593 p.
1336 541 1434 588 439,
1502 538 1674 579 Enum.

51 610 177 653 Lich.
206 610 330 652 Fret.
360 609 495 651 Behr.
531 611 686 662 (1888)
713 623 758 664 p.
791 611 857 649 56.

168 678 356 720 Thallus
399 681 679 726 crustaceus,
723 676 979 725 uniformis,
1024 689 1047 716 e
1090 674 1343 716 verruculis
1386 678 1469 715 aut
1512 673 1678 715 areolis

49 751 122 788 sat
158 745 391 794 tenuibus,
429 746 598 799 sparsis
634 749 716 786 aut
750 744 924 799 partim
960 743 1188 798 contiguis
1224 746 1458 791 constans,
1495 741 1676 796 glauce-

49 813 400 855 scenti—albidus
447 817 530 853 aut
577 813 875 862 cinerascens,
924 825 1096 866 opacus
1143 814 1226 851 aut
1272 810 1436 851 leviter
1481 809 1672 858 nitidus,

49 885 132 923 aut
168 894 461 929 evanescens,
501 879 638 921 KHO
681 894 775 921 non
811 893 1014 934 reagens.
1079 877 1339 933 Apothecia
1375 878 1478 918 circ.
1523 879 1678 926 2—-O,3

49 948 226 990 millim.
265 948 376 996 lata,
417 947 722 988 crassitudine
760 947 1022 996 mediocria,
1062 960 1198 1001 saepe
1235 945 1459 995 conferta,
1492 944 1674 1000 peltata

48 1021 95 1058 et
140 1016 240 1058 basi
284 1015 400 1056 bene
436 1016 702 1064 constricta,
739 1015 864 1056 disco
899 1015 1038 1070 plano
1073 1018 1156 1055 aut
1181 1014 1328 1054 rarius
1351 1012 1539 1054 demum
1565 1026 1671 1053 con-

50 1098 182 1134 vexo,
214 1083 488 1132 rufescente,
521 1082 651 1123 fusco
683 1087 765 1124 aut
796 1084 1066 1137 nigricante,
1100 1081 1240 1130 nudo,
1274 1094 1434 1136 opaco,
1469 1081 1674 1134 margine

48 1151 268 1201 thallode,
309 1151 452 1199 tenui,
493 1150 663 1200 albido,
705 1152 1030 1199 cinerascente,
1070 1149 1258 1204 pallido,
1298 1148 1558 1189 rufescente
1590 1152 1674 1188 aut

47 1219 347 1268 fuscescente‚
399 1231 559 1273 opaco,
613 1219 807 1273 integro,
852 1219 1128 1273 persistente
1171 1221 1254 1258 aut
1295 1217 1443 1257 rarius
1486 1215 1674 1256 demum

47 1287 247 1329 excluso.
312 1285 592 1340 Excipulum
625 1285 813 1340 gonidia
847 1290 1201 1340 cystococcacea
1235 1285 1491 1333 continens,
1525 1288 1675 1324 strato

48 1354 254 1397 corticali
292 1355 396 1395 circ.
438 1356 723 1402 0,050—0,035
758 1353 937 1399 ,millim.
976 1367 1142 1402 crasso,
1171 1353 1219 1393 in
1246 1353 1451 1406 margine
1479 1365 1675 1406 superne

48 1422 212 1464 leviter
239 1425 502 1470 attenuato,
534 1421 860 1470 chondroideo,
893 1426 966 1462 sat
994 1421 1110 1462 bene
1138 1419 1382 1475 pellucido,
1407 1418 1677 1460 decolorato

47 1494 130 1531 aut
162 1489 350 1544 pallido,
387 1488 513 1530 haud
546 1488 806 1544 granuloso,
843 1503 899 1530 ex
933 1488 1102 1543 hyphis
1136 1487 1450 1536 verticalibus,
1487 1486 1676 1540 conglu-

48 1558 226 1606 tinatis,
248 1556 670 1612 pachydermaticis
692 1556 908 1606 formato,
933 1555 1216 1598 cavitatibus
1238 1554 1506 1597 cellularum
1532 1567 1675 1608 angu—

48 1626 261 1667 stissimis
289 1629 372 1666 aut
399 1628 473 1665 sat
500 1626 722 1679 angustis,
753 1624 962 1679 oblongis
989 1628 1072 1665 aut
1093 1622 1384 1678 ellipsoideis.
1430 1621 1678 1676 Hypothe-

48 1694 170 1734 cium
208 1697 362 1741 tenue,
405 1692 631 1747 pallidum
659 1696 741 1733 aut
769 1692 991 1733 albidum.
1057 1692 1343 1746 Hymenium
1370 1691 1474 1731 circ.
1505 1693 1676 1738 0,040——

49 1764 159 1809 0,065
226 1760 403 1801 millim.
454 1774 673 1810 crassum,
724 1760 833 1814 jodo
881 1761 1181 1814 persistenter
1228 1758 1540 1800 caerulescens
1589 1761 1672 1797 aut

47 1828 236 1870 demum
269 1829 428 1869 Vinose
462 1827 632 1869 rubens
667 1829 875 1882 ascisque
909 1828 1208 1882 persistenter
1242 1824 1676 1867 caerulescentibus.

49 1895 347 1951 Epithecium
385 1895 631 1937 rubescens
672 1900 754 1937 aut
794 1896 1052 1937 fuscescens
1093 1898 1175 1936 aut
1214 1893 1676 1935 violaceo-rufescens

49 1968 132 2005 aut
163 1963 621 2018 pallido-rubescens,
657 1963 795 2005 KHO
828 1977 922 2004 non
954 1976 1157 2017 reagens,
1194 1961 1346 2015 HNO3
1377 1974 1545 2016 parum
1577 1974 1675 2001 rea-

48 2045 173 2086 gens.
238 2031 530 2086 Paraphyses
572 2036 698 2073 arcte
741 2031 1054 2079 cohaerenteS,
1088 2034 1161 2071 sat
1192 2034 1368 2079 tenues,
1403 2029 1506 2069 circ.
1542 2031 1681 2077 0,0015

50 2099 226 2141 millim.
276 2113 469 2149 crassae,
519 2101 648 2154 apice
695 2100 924 2141 levissime
971 2100 1268 2146 incrassatae,
1318 2096 1546 2151 simplices
1594 2099 1677 2136 aut

48 2181 185 2222 parce
234 2167 457 2217 furcatae,
509 2166 637 2208 haud
685 2180 1140 2215 ramoso-connexae,
1191 2164 1397 2206 increbre
1448 2167 1674 2218 septatae.

51 2234 156 2276 Asci
198 2235 385 2276 clavati.
451 2235 621 2289 Sporae
667 2238 813 2285 8:nae,
859 2233 1097 2283 distichae,
1142 2232 1384 2287 simplices,
1429 2231 1676 2279 decolores,

50 2302 275 2357 oblongae
331 2307 413 2343 aut
469 2302 912 2357 ovoideo-oblongae
968 2306 1050 2343 aut
1105 2299 1412 2356 ellipsoideae,
1470 2298 1678 2354 apicibus

51 2369 229 2412 obtusis
266 2374 349 2411 aut
392 2370 673 2420 rotundatis,
712 2371 833 2425 long.
874 2372 1174 2418 0,009—0,014‚
1214 2382 1352 2409 crass.
1393 2369 1684 2417 0,004-—0‚00f›

51 2437 227 2479 millim.
292 2437 730 2493 Pycnoconidangia
754 2437 900 2479 thallo
923 2438 1153 2486 immersa,
1174 2435 1508 2490 conceptaculo
1528 2434 1679 2475 fusco-

50 2506 194 2560 nigro.
260 2505 542 2560 Sterigmata
594 2505 716 2561 long.
767 2503 877 2546 circ.
935 2508 1222 2553 O‚015—0,020
1263 2503 1458 2552 millim.,
1504 2501 1678 2543 cellulis

50 2572 285 2614 basalibus
329 2575 490 2627 paucis
534 2576 704 2627 (1-2),
738 2572 1028 2628 ellipsoideis,
1063 2575 1174 2621 0,002
1205 2570 1382 2612 millim.
1415 2570 1536 2618 latis,
1570 2569 1680 2610 arti-

51 2640 154 2682 culo
190 2640 356 2695 apicali
390 2641 882 2690 filiformi-attenuato,
919 2638 1259 2695 pycnoconidia
1293 2638 1529 2680 efferente.
1565 2637 1681 2690 Pyc-

0 2720 36 2736 ι’*
51 2707 298 2749 noconidia
328 2708 580 2759 filiformia,
613 2709 777 2750 leviter
797 2712 990 2749 arcuata
1009 2711 1092 2748 aut
1112 2711 1185 2748 sat
1203 2710 1346 2756 recta,
1367 2705 1487 2759 long.
1511 2708 1681 2754 0,011—-—

0 2800 1 2818 l
53 2778 177 2825 0,018,
224 2788 361 2816 crass.
410 2779 543 2826 0,0007
588 2776 766 2817 millim.
814 2801 872 2805 ——
906 2775 1065 2816 Etiam
1103 2775 1151 2815 in
1185 2774 1434 2829 specimine
1470 2770 1677 2825 originali

0 2837 2 2851 '
59 2845 121 2894 (n.
156 2845 300 2883 26134
326 2844 374 2884 in
402 2843 529 2885 herb.
559 2844 691 2898 Nyl.)
722 2847 924 2884 stratum
953 2841 1169 2884 corticale
1197 2841 1398 2896 excipuli
1426 2854 1483 2881 ex
1510 2837 1680 2892 hyphis

52 2909 352 2951 verticalibus
386 2911 656 2952 formatum.
722 2911 824 2952 Hac
859 2914 974 2952 nota
1008 2910 1059 2951 L.
1097 2909 1334 2961 Behrinqii
1369 2906 1530 2948 differt
1565 2919 1592 2946 a
1627 2904 1679 2945 L.
1708 2904 1711 2907 ’

54 2976 446 3020 Nordenskioeldii
478 2983 525 3020 et
558 2979 609 3019 L.
645 2978 873 3020 crenulata
912 2977 1126 3030 (Dicks.),
1163 2980 1212 3017 at
1246 2989 1352 3017 cum
1384 2975 1435 3015 L.
1472 2972 1685 3014 umbrina
