1965 3240
257 166 298 194 E.
335 164 530 201 WAINIO,
565 161 806 193 LICHENES
839 160 992 190 I’ROPE
1024 159 1250 189 rrrLEKAr
1281 158 1526 188 confflem.
1670 150 1721 189 77

93 273 187 314 lata
226 271 424 320 Floerk„
466 272 516 312 L.
558 268 848 312 aethaleoides
888 267 1011 322 Nyl.,
1055 266 1234 308 Buellia
1272 266 1444 306 sororia
1521 265 1603 306 Th.
1648 265 1720 305 Fr.

92 345 142 382 ct
170 341 346 395 species
373 343 636 393 sequentes:

222 411 256 448 l.
311 409 372 447 M.
405 408 699 456 microplaca
727 404 875 446 Wain.
910 405 972 455 (n.
1003 402 1110 456 sp.).

215 475 404 516 Thallus
432 479 711 521 crustaceuS,
740 471 996 519 uniformis,
1026 474 1099 511 sat
1127 470 1279 511 tenuis
1307 473 1389 510 aut
1418 468 1723 510 crassitudine

95 543 353 592 mediocris,
396 542 641 589 areolatus‚
678 539 841 582 areolis
879 537 1188 585 difformibus,
1208 538 1312 578 circ.
1333 540 1524 585 0,4—-0‚7
1547 536 1722 576 millim.

95 611 216 660 latis,
256 610 472 666 dispersis
509 613 592 650 aut
629 607 860 649 nonnullis
898 605 1130 653 confertis,
1171 604 1576 653 cinerascentibus,
1616 617 1725 658 opa-

96 680 176 727 cis,
200 692 350 732 neque
374 677 526 726 KHO,
551 691 633 718 nec
656 675 765 729 jodo
786 673 1097 729 reagentibus,
1121 672 1398 727 hypothallo
1420 673 1564 726 nigro,
1590 685 1725 725 saepe

96 746 310 788 radiante
348 744 661 793 circumdatis,
701 742 999 798 apothecium
1034 755 1181 782 unum
1219 744 1302 781 aut
1338 754 1442 781 raro
1480 739 1726 794 apothecia

96 814 232 869 plura
267 812 630 854 continentibus.
695 810 953 866 Apothecia
977 810 1172 857 minuta,
1199 809 1302 849 circ.
1331 811 1523 857 O,3—O,2
1548 806 1724 848 millim.

98 881 210 931 lata,
242 880 389 922 thallo
419 882 649 929 immersa,
682 879 807 920 disco
837 879 981 933 nigro,
1012 876 1153 926 nudo,
1184 876 1339 931 plano,
1371 875 1572 917 thallum
1601 874 1727 915 haud

97 952 362 1005 superante,
417 948 606 989 demum
657 961 792 1002 saepe
844 945 1016 987 annulo
1067 944 1377 985 maculiformi
1429 947 1511 984 aut
1562 943 1728 984 leviter

95 1017 403 1072 prominente,
437 1016 707 1070 nigricante,
742 1014 888 1055 thallo
919 1013 1135 1062 formato,
1170 1012 1512 1066 angustissimo,
1548 1010 1727 1051 discum

97 1088 362 1140 superante,
404 1083 465 1125 ad
494 1084 642 1124 instar
664 1083 882 1136 marginis
904 1080 1204 1122 circumdata.
1248 1079 1575 1121 Parathecium
1600 1077 1728 1119 haud

97 1152 358 1194 evolutum.
424 1150 775 1206 Hypothecium
825 1149 1008 1190 sordide
1057 1147 1284 1203 pallidum
1316 1152 1399 1189 aut
1430 1160 1626 1201 superne
1657 1146 1727 1187 fu-

96 1219 569 1274 scescenti-pallidum
617 1222 664 1259 et
711 1218 887 1258 inferne
923 1217 1196 1258 fuscescens.
1262 1215 1433 1271 Sporae
1474 1218 1621 1263 8znae,
1661 1213 1728 1254 di—

97 1287 313 1338 stichae,·
346 1291 617 1342 l-septatae,
668 1286 838 1334 fuscae,
889 1284 1010 1339 long.
1062 1287 1361 1333 O,015—0,01ss‚
1385 1297 1521 1324 crass.
1559 1286 1730 1331 0,00T-—

100 1359 213 1405 0,009
268 1355 462 1404 minim,
519 1354 791 1396 membrana
834 1352 1090 1407 aequaliter
1133 1351 1312 1393 modice
1354 1352 1626 1392 incrassata.
1673 1375 1730 1379 --

99 1424 387 1478 Hymenium
411 1422 520 1476 jodo
544 1423 844 1477 persistenter
868 1420 1192 1461 caerulescens.
1258 1418 1556 1474 Epithecium
1578 1418 1729 1459 fusco-

100 1495 184 1533 aut
220 1491 445 1532 olivaceo-
482 1495 564 1532 aut
601 1488 1180 1544 aeruginoso-fuligineum,
1219 1486 1356 1529 KHO
1392 1500 1487 1528 non
1520 1499 1726 1541 reagens.

102 1558 255 1613 HNO3
298 1558 557 1600 rubescens.
624 1556 974 1612 Hypothecium
1018 1555 1127 1609 jodo
1173 1555 1484 1597 caerulescens
1530 1558 1612 1595 aut
1665 1554 1730 1605 (in

98 1628 348 1683 specimine
399 1641 422 1668 e
473 1625 694 1678 Pitlekai)
746 1638 840 1666 non
890 1638 1095 1678 reagens.
1161 1622 1452 1678 Paraphyses
1503 1626 1576 1663 sat
1626 1621 1730 1662 laxe

95 1694 411 1744 cohaerentes,
449 1695 578 1749 apice
614 1693 840 1734 clavatae.
880 1716 940 1722 —
974 1691 1135 1733 Thallo
1171 1691 1390 1746 disperso,
1419 1691 1730 1731 cinerascente

97 1777 127 1804 a
150 1763 203 1804 B.
249 1756 533 1806 rihodinoide
555 1761 685 1810 Anzi,
712 1759 962 1815 Neosymb.
995 1762 1150 1811 (1866)
1174 1773 1219 1814 p.
1251 1761 1316 1807 13,
1353 1762 1401 1800 et
1424 1759 1478 1799 B.
1504 1757 1732 1799 minutula

106 1831 284 1886 (Hepp)
327 1830 438 1871 Arn.
477 1830 647 1885 (Hepp,
682 1828 858 1870 Flecht.
893 1827 1018 1876 Eur.,
1058 1829 1182 1876 1853,
1216 1840 1260 1867 n.
1297 1826 1398 1876 313)
1435 1826 1533 1879 jam
1564 1825 1730 1866 habitu

99 1902 294 1940 externo
321 1898 494 1939 differt.

222 1965 296 2007 Ad
321 1965 498 2021 lapides
523 1966 773 2020 graniticos
799 1977 942 2019 prope
969 1977 1142 2018 pagum
1170 1961 1370 2003 Pitlekai
1396 1965 1444 2003 et
1471 1963 1520 2002 in
1546 1962 1730 2016 regione

100 2033 339 2075 meridiem
361 2047 521 2075 versus
543 2047 571 2074 a
592 2032 792 2074 Pitlekai
815 2032 919 2072 sita.
985 2030 1109 2072 Fert.

98 2106 101 2109 '
222 2105 259 2142 2.
323 2103 384 2141 Μ.
417 2102 766 2140 ectolechoides
798 2099 947 2141 W⁷ain.
982 2100 1043 2151 (n.
1072 2100 1179 2153 sp.).

218 2169 406 2210 Thallus
465 2173 743 2217 crustaceus,
804 2166 1060 2216 uniformis,
1122 2165 1427 2207 crassitudine
1486 2164 1728 2206 mediocris

98 2241 183 2278 aut
215 2241 289 2278 sat
321 2238 488 2286 tenuis,
523 2236 769 2284 areolatus,
805 2234 967 2276 areolis
1000 2233 1299 2275 difformibus
1332 2237 1415 2274 aut
1446 2231 1728 2281 rotundatis,

100 2305 206 2346 circ.
244 2307 437 2355 0,4-0,3
486 2304 663 2346 millim.
699 2303 820 2351 latis,
858 2301 1073 2357 dispersis
1108 2305 1191 2343 aut
1225 2300 1459 2342 nonnullis
1494 2299 1729 2349 confertis,

100 2371 295 2414 obscure
325 2373 482 2427 griseis
504 2376 587 2413 aut
606 2384 710 2412 raro
731 2369 929 2425 pallidis,
951 2370 1120 2425 opacis,
1145 2368 1283 2410 KHO
1304 2382 1399 2410 non
1418 2367 1730 2423 reagentibus,

100 2440 228 2481 intus
264 2439 375 2493 jodo
409 2441 589 2482 intense
627 2437 1059 2487 caerulescentibus,
1097 2436 1376 2492 hypothallo
1411 2437 1556 2491 nigro,
1595 2449 1731 2490 saepe

99 2507 314 2549 radiante
354 2507 666 2555 circumdatis,
709 2504 1007 2560 apothecium
1051 2518 1199 2546 unum
1239 2508 1322 2546 aut
1356 2518 1460 2546 raro
1487 2503 1733 2558 apothecia

106 2577 220 2615 2—4
234 2574 595 2616 continentibus.
636 2572 895 2628 Apothecia
915 2573 1112 2622 minuta,
1136 2573 1240 2614 circ.
1258 2575 1452 2622 O,3-O‚2
1475 2571 1652 2612 millim.
1668 2570 1732 2611 la-

101 2646 168 2692 ta,
204 2642 351 2684 thallo
385 2644 615 2690 immersa,
653 2640 779 2682 disco
821 2641 965 2695 nigro,
1001 2640 1143 2690 nudo,
1179 2638 1334 2695 plano,
1371 2638 1572 2680 thallum
1605 2637 1733 2679 haud

10 2707 33 2715 ”’
100 2713 364 2765 superante,
399 2710 587 2751 demum
617 2722 753 2764 saepe
785 2708 956 2750 annulo
988 2707 1297 2749 maculiformi
1328 2710 1412 2748 aut
1442 2706 1606 2748 leviter
1626 2719 1731 2760 pro-

108 2778 328 2826 minente,
380 2777 651 2831 nigricante,
703 2775 849 2818 thallo
897 2775 1116 2826 formato,
1168 2775 1511 2830 angustissimo,
1554 2773 1733 2814 discum

104 2848 370 2900 superante,
411 2844 471 2885 ad
506 2845 654 2885 instar
691 2844 910 2899 marginis
948 2842 1250 2892 circumdata,
1289 2841 1559 2898 parathecio
1596 2841 1733 2895 nigri-

101 2916 238 2953 cante
276 2925 470 2967 superne
506 2910 749 2967 paululum
784 2911 988 2961 evoluto,
1027 2910 1204 2952 inferne
1241 2909 1501 2952 deficiente.
1569 2907 1732 2962 Hypo-

101 2978 308 3021 thecium
326 2978 566 3034 pallidum.
631 2978 802 3034 Sporae
826 2982 972 3028 8:nae‚
995 2977 1236 3028 distichae,
1263 2980 1533 3032 l-septatae,
1554 2975 1727 3024 fuscae,
