1965 3240
238 155 279 183 E.
313 154 510 190 WAINIO,
544 154 783 183 LICHENES
816 154 968 182 l’ROPb:
1000 155 1224 183 PITLEKAl
1257 156 1498 185 COLLEC'l‘l.
1640 150 1685 186 21

194 261 382 302 Thallus
422 261 597 301 laciniis
637 259 867 301 fertilibus
907 260 1027 307 latis,
1070 261 1301 302 sterilibus
1340 264 1696 315 angustioribus,

69 328 283 384 apicibus
305 328 604 383 planiusculis
627 333 708 368 aut
730 329 959 375 concavis,
984 330 1187 381 margine
1210 330 1483 382 spinulfflus.
1509 332 1699 372 maculis

74 397 370 438 decorticatis
414 395 580 437 albidis
623 396 854 449 impressis
898 396 942 435 in
988 395 1130 436 latere
1174 396 1385 437 inferiore
1429 399 1696 439 instructus.

76 464 176 506 Hae
208 464 416 505 maculae
448 463 628 504 soredia
659 462 786 503 nulla
816 462 1036 505 formant,
1071 468 1121 503 at
1153 465 1275 503 striis
1307 464 1602 506 decorticatis
1635 466 1697 506 al-

75 532 194 573 bidis
223 531 570 573 Ramalt'narum
597 530 818 584 analogae
847 535 970 570 sunt.
1036 530 1224 571 Thallus
1252 531 1361 584 jodo
1389 533 1697 580 caerulescens,

74 599 267 652 CaChO2
298 613 390 640 non
422 612 625 653 reagens.

193 678 265 719 Ad
304 683 474 719 terram
509 690 749 718 arenosam
782 690 925 731 prope
958 690 1130 731 pagum
1166 677 1347 731 Tjapka
1379 682 1426 718 et
1460 679 1505 718 in
1541 683 1699 719 monte

73 746 326 800 peninsulae
347 745 591 788 Jinretlen.
619 745 744 786 Raro
768 744 873 786 fert.

195 824 300 865 Var.
343 825 472 862 nuda
521 823 670 864 lVain.
714 823 865 877 Hepp,
909 822 1086 864 Flecht.
1130 823 1238 864 Eur.
1278 837 1322 864 n.
1363 826 1438 863 :361
1480 825 1540 875 (in
1572 824 1698 865 herb.

73 895 212 944 meo).

196 959 384 1000 Thallus
412 959 589 1000 laciniis
617 958 721 1013 plus
750 959 961 1000 minusve
991 958 1214 1007 dilatatis,
1246 958 1454 1013 apicibus
1483 959 1575 1000 late
1604 959 1699 1013 pla—

74 1027 294 1068 niusculis
323 1031 405 1067 aut
434 1027 663 1075 concavis,
695 1026 888 1080 spinulis
916 1026 1053 1067 nullis
1082 1030 1165 1067 aut
1192 1028 1342 1080 parcis
1373 1026 1696 1081 brevibusque,

75 1095 266 1136 maculis
309 1094 603 1136 decorticatis
645 1093 810 1135 albidis
852 1095 1084 1148 impressis
1125 1095 1172 1134 in
1207 1094 1350 1135 latere
1385 1094 1596 1135 inferiore
1632 1096 1699 1135 in-

74 1167 295 1204 structus.
361 1162 548 1203 Thallus
596 1162 706 1215 jodo
755 1161 1064 1211 caeruleseens,
1116 1161 1309 1214 CaC¹l2O2
1356 1176 1447 1203 non
1496 1176 1699 1216 reagens.

76 1230 436 1272 Collectionibus
463 1230 664 1272 Sibiricis
691 1229 834 1270 deest.

195 1320 303 1361 Var.
342 1322 588 1358 maculata
617 1319 768 1360 XVain.

195 1398 383 1440 Thallus
406 1399 582 1440 laciniis
607 1399 829 1453 angustis,
856 1397 1140 1452 marginibus
1165 1397 1535 1447 conniventibus,
1563 1399 1701 1452 apici-

76 1466 162 1508 bus
203 1467 419 1508 concavis
460 1471 543 1507 aut
584 1470 779 1520 anguste
819 1466 1133 1520 planiusculis,
1177 1466 1382 1520 margine
1424 1466 1698 1519 spinulosus‚

77 1535 269 1576 maculis
308 1534 603 1575 decorticatis
642 1533 808 1575 albidis
846 1535 1078 1588 impressis
1116 1535 1164 1574 in
1202 1533 1345 1574 latere
1383 1533 1594 1574 inferiore
1632 1535 1699 1574 111-

75 1607 294 1644 structus.
359 1602 562 1644 Medulla
607 1602 716 1655 jodo
763 1602 1072 1651 caerulescens,
1121 1601 1313 1654 CaCl2O2
1358 1615 1449 1641 non
1495 1615 1698 1656 reagens.

76 1670 204 1712 Haec
224 1671 425 1711 variatio
439 1670 716 1711 intermedia
736 1674 806 1711 est
826 1671 948 1710 inter
966 1683 1064 1710 var.
1089 1669 1280 1722 rz'qz'dcmn
1300 1673 1347 1710 et
1367 1683 1463 1710 var.
1487 1670 1696 1720 crispam,

75 1740 122 1779 in
145 1737 307 1779 ambas
330 1739 574 1779 transiens.

191 1805 266 1847 Ad
305 1810 479 1847 terram
519 1819 761 1847 arenosam
799 1819 943 1860 prope
984 1805 1198 1854 Pitlekai,
1241 1804 1423 1858 Tjapka
1461 1809 1508 1845 et
1548 1805 1699 1845 sinum

75 1873 391 1928 Koljutschin.
423 1874 539 1916 Ster.

192 1952 300 1993 Var.
363 1953 614 1990 tenuifolia
679 1951 854 2004 (Retz.)
911 1951 1061 1993 Wain.
1121 1951 1288 1992 Liclzen
1341 1950 1599 1992 Islandz'czcs
1658 1950 1697 2002 β.

73 2020 336 2073 tenuifolz'us
361 2020 510 2069 Retz.,
540 2019 607 2060 Fl.
628 2019 793 2062 Scand.
824 2019 983 2061 Prodr.
1019 2021 1174 2071 (1779)
1202 2034 1247 2073 p.
1282 2022 1377 2060 227.
1409 2018 1609 2059 Cetraria
1632 2017 1702 2058 Is-

74 2088 254 2130 lanclz'ca
286 2101 321 2138 γ.
357 2089 507 2140 crispa
539 2087 670 2136 Ach.,
700 2087 826 2128 Lich.
856 2087 995 2128 Univ.
1030 2090 1185 2139 (1810)
1212 2101 1257 2141 p.
1290 2089 1390 2135 5133
1419 2085 1541 2140 Nyl.,
1571 2085 1699 2125 Lich.

75 2155 404 2197 Middendorff.
457 2158 611 2208 (1874)
649 2169 694 2209 p.
738 2158 778 2204 23
819 2155 938 2204 Hue,
979 2154 1105 2196 Lich.
1146 2154 1414 2195 Extr.-Eur.
1460 2155 1614 2205 (1901)
1654 2166 1698 2193 n.

83 2225 178 2264 170.
219 2222 421 2264 Ceti-aria
449 2224 599 2275 crispa
626 2222 750 2277 Nyl.‚
783 2223 951 2264 Enum.
983 2222 1109 2263 Lich.
1141 2222 1264 2263 Fret.
1297 2221 1432 2262 Behr.
1469 2223 1624 2273 (1888)
1654 2234 1699 2274 p.

81 2294 118 2340 7,
152 2293 218 2340 19,
249 2294 317 2340 53,
349 2294 417 2332 61.

195 2369 383 2411 Thallus
405 2370 582 2410 laciniis
605 2370 828 2424 angustis,
853 2369 1138 2424 marginibus
1161 2367 1532 2416 conniventibus,
1558 2366 1702 2407 abun-

77 2437 266 2478 dantius
291 2439 524 2486 connexis,
553 2437 761 2491 apicibus
787 2438 1002 2478 concavis
1028 2441 1111 2478 aut
1137 2435 1470 2483 canaliculatis,
1498 2435 1703 2488 margine

78 2504 354 2559 spinulosus‚
379 2505 572 2546 maculis
594 2505 891 2546 decorticatis
913 2504 1079 2545 albidis
1102 2504 1196 2545 fere
1219 2503 1366 2544 solum
1390 2502 1474 2543 sub
1499 2502 1703 2555 margine

77 2586 271 2613 recurvo
317 2572 474 2614 lateris
521 2573 748 2614 inferioris
795 2574 1066 2613 instructus.
1132 2571 1320 2611 Thallus
1367 2569 1476 2623 jodo
1524 2570 1704 2609 intense

79 2639 405 2689 caerulescens,
431 2639 624 2693 CaCl2O2
645 2654 739 2681 non
760 2653 965 2694 reagens.

198 2707 273 2748 Ad
313 2712 486 2749 terram
528 2721 770 2749 arenosam
799 2721 943 2762 prope
975 2706 1157 2760 Tjapka
1187 2710 1234 2747 et
1265 2705 1325 2746 ad
1355 2705 1506 2745 sinum
1538 2703 1702 2755 Kolju-

81 2773 249 2816 tschin.
275 2775 392 2817 Ster.

199 2842 255 2883 In
290 2841 339 2884 C.
371 2842 605 2884 Islandz'ca
638 2846 840 2883 stratum
875 2841 1090 2882 corticale
1124 2841 1326 2881 exterius
1358 2837 1701 2892 pseudoparen-

80 2909 411 2964 chymaticum,
446 2925 503 2951 ex
535 2909 704 2964 hyphis
736 2908 1036 2950 verticalibus
1067 2908 1321 2948 formatum
1355 2904 1700 2959 conglutinatis,

82 2976 363 3018 membranis
408 2982 480 3018 sat
525 2978 702 3026 crassis,
749 2975 875 3017 haud
919 2975 1138 3016 distincte
1181 2973 1407 3021 limitatis,
1453 2969 1703 3012 luminibus
