1965 3240
248 162 287 189 E.
322 161 518 197 WAiNlo,
553 160 790 190 LICHENES
824 161 976 189 rizomc
1009 161 1231 190 PrrLEKAl
1267 163 1507 192 COLLECTL
1619 158 1693 195 147

66 267 262 320 gonidiis
290 268 558 315 destitutus,
588 282 643 308 ex
672 266 838 321 hyphis
867 267 1197 321 conglutinatis
1225 269 1466 310 formatus.
1538 271 1694 325 Hypo-

70 334 270 376 thecium
315 335 535 376 albidum.
602 336 771 389 Sporac
814 336 1228 383 numerosissimae,
1273 336 1515 390 simplices,
1561 338 1693 379 deco-

68 401 197 444 lores,
257 402 479 457 oblongae
533 408 615 443 aut
671 402 976 456 ellipsoideae,
1039 402 1158 457 long.
1208 409 1502 449 (root—0903,
1551 420 1688 446 crass.

70 472 204 511 (Locis
239 470 414 511 millim.

189 537 259 577 Ad
289 552 401 578 saxa
429 539 691 591 gneissacea
720 539 765 578 in
795 537 1037 592 peninsula
1062 538 1306 579 Jinretlen.
1340 539 1462 579 Fert.

190 607 225 644 2.
293 607 348 643 A.
383 607 714 655 scyphulifera
753 606 901 647 WVain.
950 610 1011 657 (n.
1054 608 1161 660 sp.).

184 671 371 713 Thallus
403 673 1041 727 subsquamoso-crustaceus,
1076 675 1281 728 squamis
1312 674 1578 715 rotundatis
1611 683 1694 716 aut

65 738 375 788 difformibus,
423 742 526 781 circ.
565 745 715 789 5——0,7
750 740 926 781 millim.
961 741 1067 782 latis
1101 746 1183 782 aut
1216 754 1318 782 raro
1353 746 1426 782 sat
1459 741 1552 783 late
1587 757 1693 784 con-

64 806 334 855 fluentibus,
368 807 506 861 vulgo
537 808 639 862 plus
671 809 881 849 minusve
912 808 1143 863 dispersis,
1175 823 1311 863 saepe
1342 811 1514 863 partim
1546 812 1693 851 conti—

64 875 180 928 guis,
210 874 488 929 subintegris
516 880 597 916 aut
626 875 808 923 Iobatis,
838 890 973 930 saepe
1001 876 1188 917 demum
1217 876 1692 927 areolam-diffractis,

65 942 370 983 crassitudine
422 942 744 986 mediocribus,
791 944 912 995 (circ.
955 947 1148 993 O,2—O,3
1188 943 1364 985 millim.
1407 947 1570 986 crassis
1610 951 1693 987 aut

66 1009 394 1062 tenuioribus),
445 1009 682 1051 substrato
731 1011 930 1055 adnatis.
981 1025 1175 1066 superne
1223 1012 1363 1053 fuscis
1412 1017 1494 1053 aut
1543 1013 1694 1054 fusco-

64 1077 404 1118 rufescentibus
452 1082 534 1118 aut
580 1092 682 1119 raro
730 1080 958 1120 castaneis
1004 1079 1261 1134 pallidisve,
1310 1082 1479 1134 opacis,
1528 1080 1695 1122 leviter

63 1146 242 1199 rugosis
279 1149 361 1186 aut
398 1150 471 1186 sat
507 1145 763 1198 laevigatis.
802 1146 977 1188 inferne
1014 1146 1194 1188 albidis.
1259 1147 1516 1202 Apothecia
1553 1148 1693 1203 vulgo

63 1211 200 1267 plura
231 1213 278 1253 in
311 1226 593 1267 unaquaque
626 1213 779 1254 areola
810 1213 957 1262 thalli,
992 1214 1118 1256 disco
1148 1215 1419 1264 rotundato,
1453 1217 1691 1270 impresso,

65 1284 139 1321 sat
176 1279 426 1335 laevigato,
461 1284 656 1329 O,2—O,5
688 1281 863 1322 millim.
890 1281 1001 1331 lato,
1026 1282 1129 1323 rufo
1154 1287 1237 1323 aut
1258 1296 1363 1324 raro
1387 1283 1689 1333 fuscescente,

65 1347 272 1402 margine
311 1349 507 1403 integro,
550 1348 781 1397 mediocri,
824 1349 1011 1390 demum
1050 1349 1190 1404 vulgo
1229 1350 1411 1392 elevato
1452 1356 1498 1392 et
1538 1351 1691 1393 fusco-

66 1415 322 1470 nigricante
376 1415 449 1456 vel
501 1415 646 1457 thallo
699 1416 972 1458 obscuriore.
1052 1417 1361 1459 Perithecium
1408 1420 1687 1473 (proprium)

65 1483 113 1523 in
156 1483 361 1538 margine
404 1487 477 1524 sat
520 1483 634 1524 bene
677 1484 931 1533 evolutum,
976 1489 1110 1526 extus
1152 1486 1686 1536 rufescenti-rubescens,

65 1554 271 1591 ceterum
300 1550 540 1605 pallidum,
563 1551 1225 1607 plectenparenchymaticum,
1245 1553 1529 1595 cavitatibus
1554 1554 1691 1595 cellu-

63 1618 212 1659 larum
248 1618 448 1673 globosis
486 1622 567 1659 aut
605 1619 894 1673 ellipsoideis,
932 1620 1152 1674 parvulis,
1191 1621 1472 1663 membranis
1510 1622 1689 1663 modice

62 1687 342 1727 incrassatis.
410 1686 759 1741 Hypothecium
794 1687 1001 1728 albidum
1036 1692 1118 1728 aut
1152 1688 1392 1742 pallidum,
1429 1704 1486 1730 ex
1520 1689 1691 1744 hyphis

61 1753 373 1808 irregulariter
425 1755 656 1795 contextis
699 1754 968 1804 formatum,
1008 1755 1117 1808 jodo
1154 1757 1454 1810 persistenter
1491 1757 1691 1799 caerule-

61 1835 205 1862 scens.
271 1821 557 1876 Hymenium
601 1823 703 1863 circ.
761 1826 1044 1872 O,130—0,180
1094 1823 1269 1864 millim.
1315 1838 1533 1874 crassum,
1577 1825 1689 1878 jodo

61 1889 202 1944 vulgo
245 1889 424 1930 intense
469 1889 794 1937 caerulescens‚
840 1890 945 1931 dein
988 1891 1160 1944 partim
1203 1892 1362 1933 vinose
1405 1892 1575 1933 rubens
1624 1893 1688 1944 (in

61 1956 289 1998 solutione
333 1958 478 2012 magis
521 1960 858 2010 concentrata).
935 1957 1230 2012 Epithecium
1284 1958 1689 2001 rubescenti-rufe-

62 2038 192 2065 scens
233 2028 316 2065 aut
356 2028 627 2073 testaceum,
671 2025 807 2067 KHO
848 2039 941 2066 non
971 2039 1174 2080 reagens.
1240 2026 1530 2081 Paraphyses
1561 2031 1687 2068 arcte

47 2091 374 2141 cohaerentes,
406 2092 581 2134 tubulis
610 2092 842 2141 tenuibus,
874 2092 1145 2134 membrana
1171 2093 1442 2148 gelatinosa,
1472 2095 1520 2135 in
1548 2095 1686 2136 KHO

61 2163 354 2214 turgescente
389 2165 436 2201 et
473 2164 545 2202 sat
581 2160 701 2209 laxa,
740 2161 868 2214 apice
904 2160 1031 2201 haud
1065 2165 1148 2202 aut
1183 2154 1349 2216 parurn
1384 2162 1684 2212 incrassatae,

61 2227 189 2268 haud
216 2241 442 2277 ramosae,
472 2229 520 2268 in
549 2228 612 2281 H2
641 2227 731 2281 SO4
758 2233 804 2268 et
834 2227 856 2267 I
885 2228 1011 2269 visae
1040 2228 1259 2270 distincte
1288 2234 1515 2284 septatae.
1579 2229 1686 2271 Asci

61 2294 246 2344 clavati,
280 2296 409 2350 apice
440 2295 710 2336 membrana
740 2296 1009 2343 incrassata,
1042 2295 1291 2351 polyspori.
1357 2297 1528 2352 Sporae
1558 2297 1686 2352 ellip-

60 2362 242 2404 soideae
289 2366 372 2404 aut
415 2363 654 2417 oblongae,
701 2362 908 2417 apicibus
938 2363 1216 2410 rotundatis,
1247 2363 1368 2419 long.
1402 2367 1686 2415 0,003-—0,004

66 2430 230 2482 (rarius
279 2433 602 2482 0,002—0,005),
651 2444 787 2471 crass.
837 2433 971 2479 0,0015
1022 2431 1185 2482 (rarius
1232 2434 1365 2484 Ο,001)
1413 2432 1590 2473 millim.
1628 2457 1687 2462 —

62 2497 252 2539 Thallus
295 2512 444 2552 neque
491 2498 527 2547 I,
574 2511 656 2538 nec
699 2497 851 2546 KHO,
882 2511 965 2539 nec
996 2498 1190 2552 (ἎΟΙΖΟ2
1217 2512 1421 2554 reagens.
1487 2499 1687 2542 Gonidja

59 2564 250 2614 flavida,
284 2565 489 2620 globosa,
523 2565 749 2619 simplicia
781 2569 864 2605 aut
894 2578 1030 2619 parce
1062 2565 1382 2620 glomerulosa,
1411 2567 1685 2608 membrana

60 2637 134 2674 sat
159 2633 302 2675 tenui.
330 2659 388 2663 -—
412 2633 582 2673 Affinis
608 2636 678 2673 est
703 2632 760 2672 A.
788 2632 986 2685 fuscatae
1013 2633 1096 2674 *A.
1123 2633 1336 2675 discretae
1365 2634 1522 2687 (Ach.)
1548 2639 1595 2676 et
1621 2635 1680 2675 A.

60 2700 352 2754 impressulae
374 2700 456 2741 Th.
481 2700 572 2747 Fr„
597 2703 646 2740 at
668 2700 872 2754 margine
895 2699 1246 2754 apotheciorum
1266 2703 1468 2756 proprio,
1495 2702 1683 2743 demum

59 2768 244 2809 elevato
296 2767 639 2821 obscuratoque
691 2765 750 2807 ab
802 2766 1030 2808 ambabus
1081 2767 1316 2811 differens.
1392 2770 1450 2811 A.
1483 2769 1685 2810 admissa

59 2835 185 2891 Nyl.,
222 2834 291 2876 Fl.
335 2837 447 2876 1867
482 2848 527 2888 p.
568 2836 666 2883 370,
705 2834 960 2876 secundum
995 2837 1183 2890 specim.
1221 2837 1333 2892 orig.
1371 2851 1416 2877 n.
1458 2839 1601 2878 24755
1641 2838 1682 2889 (e

59 2902 309 2944 Kuhmois:
341 2901 550 2954 Norrlin)
580 2905 628 2942 et
662 2903 804 2943 2‘4763
839 2901 987 2954 (Anzi,
1019 2902 1147 2944 Lich.
1180 2904 1241 2945 It.
1274 2904 1383 2959 Sup.
1416 2918 1460 2945 n.
1498 2906 1601 2956 216)
1632 2904 1681 2944 in

58 2969 186 3011 herb.
223 2969 331 3024 Nyl.
370 2969 430 3010 ad
469 2969 552 3010 *A
590 2968 827 3010 discretam
861 2970 1079 3024 pertinet.
