1965 3240
266 172 333 213 ,60
577 180 728 208 ARKIV
758 170 852 209 Fon
882 180 1112 209 BOTANIK.
1174 181 1307 209 BAND
1337 171 1377 210 8.
1440 181 1521 210 N:o
1553 170 1593 211 4.

278 300 321 340 p.
352 289 389 333 9,
420 289 490 335 213
517 285 735 335 Stizenb.,
762 285 890 326 VerZ.
918 286 1046 327 Now.
1075 286 1229 339 Semlj.
1258 286 1382 327 Lich.
1416 287 1647 338 (Peterm.,
1675 288 1896 330 Mittheil.

279 353 455 407 Geogr.,
494 356 624 405 1872)
656 367 699 407 p.
736 355 835 403 4212
868 353 1033 402 Norrl.,
1067 354 1244 394 Beratt.
1277 354 1412 394 Torn.
1445 354 1638 409 Lappm.
1669 357 1823 408 (1873)
1845 370 1892 410 p.

282 422 382 469 333;
421 419 624 474 Almqu.,
664 420 790 461 Lich.
832 420 977 461 Iaktt.
1018 421 1150 462 Sibir.
1197 424 1350 474 (1879)
1389 436 1433 475 p.
1477 424 1544 471 47,
1585 421 1710 463 Lich.
1752 422 1895 464 Kiist>

280 487 532 541 Beringsm.
578 490 733 540 (1887)
770 503 815 542 p.
858 490 955 536 522,
997 491 1098 538 5403
1138 488 1328 537 Kihlm.,
1368 488 1496 529 Neue
1535 489 1676 530 Beitr.
1716 489 1895 531 Flecht.

279 554 400 595 Kola
426 557 580 607 (1891)
601 569 646 609 p.
673 558 739 595 56.

396 621 468 662 Ad
495 626 666 663 terram
691 622 936 664 humosam
961 626 1008 663 et
1034 636 1288 671 arenosam,
1317 623 1377 664 ad
1401 623 1577 677 lignum
1602 627 1649 664 et
1676 625 1894 666 corticem

277 688 573 730 arbustorum
599 689 843 731 humilium
870 694 1159 731 mortuorum
1185 695 1231 731 et
1258 704 1397 745 supra
1422 704 1603 732 muscos
1629 692 1675 731 in
1701 691 1895 746 rupibus

277 756 336 797 ad
369 770 541 811 pagum
576 756 788 806 Pitlekai,
824 759 872 798 in
905 757 1097 811 planitie
1131 758 1324 799 littorali
1358 771 1499 813 prope
1534 758 1732 799 Pitlekai
1766 762 1813 799 et
1846 760 1894 800 in

275 825 457 878 regione
483 824 721 865 meridiem
745 838 904 866 versus
929 838 955 865 a
980 824 1177 865 Pitlekai
1203 826 1306 874 sita,
1332 826 1379 866 in
1402 825 1645 880 peninsula
1665 825 1894 867 Jinretlen

276 895 322 931 et
347 892 394 931 in
420 892 603 945 regione
630 893 855 933 orientem
882 905 1040 933 Versus
1067 906 1094 932 a
1120 893 1222 933 sinu
1249 892 1549 945 Koljutschin
1576 894 1679 933 sita.
1746 893 1893 934 Inter-

276 958 387 998 dum
412 960 553 999 etiam
578 959 682 999 fert.

393 1025 653 1079 Specimina
684 1040 824 1079 supra
854 1027 1060 1067 indicata
1091 1027 1150 1067 ad
1180 1027 1263 1067 has
1295 1026 1410 1067 duas
1442 1028 1722 1067 variationes
1752 1028 1897 1081 perti-

276 1097 401 1141 nent,
431 1107 548 1146 quae
575 1098 762 1134 tantum
787 1094 961 1135 fertiles
987 1093 1101 1135 bene
1128 1094 1348 1148 distingui
1373 1098 1586 1148 possunt:

392 1161 496 1201 Var.
532 1163 949 1200 ochrolechioides
980 1161 1129 1203 Wain.

392 1227 803 1269 Pseudostromata
846 1228 944 1269 basi
988 1228 1102 1269 bene
1146 1230 1410 1277 constricta,
1456 1227 1700 1282 apotheeia
1741 1242 1894 1282 pauca

275 1299 357 1335 aut
386 1295 519 1349 plura
555 1298 722 1348 (5——2),
754 1296 900 1336 rarius
931 1295 1136 1336 solitaria
1166 1297 1466 1344 continentia,
1500 1295 1634 1336 discis
1664 1295 1779 1336 bene
1808 1296 1895 1336 im-

272 1363 452 1415 pressis,
491 1362 594 1416 plus
630 1364 840 1404 minusve
871 1363 1092 1412 dilatatis,
1125 1364 1227 1404 circ.
1265 1366 1453 1412 1,8-—O,-5
1482 1362 1657 1403 millim.
1689 1362 1809 1412 latis,
1840 1363 1892 1403 li-

273 1429 752 1483 vido-nigricantibus.
794 1456 851 1460 —
888 1430 1075 1471 Thallus
1113 1434 1160 1471 et
1197 1430 1605 1484 pseudostromata
1642 1429 1778 1471 KHO
1818 1443 1895 1470 su-

271 1511 410 1550 perne
449 1502 495 1537 et
533 1499 659 1538 intus
697 1498 986 1545 lutescentia,
1027 1497 1283 1551 deindeque
1320 1497 1626 1538 rubescentia.
1691 1497 1895 1538 Medulla

273 1564 381 1617 jodo
414 1578 507 1605 non
539 1579 741 1619 reagens.
807 1565 978 1619 Sporae
1011 1565 1159 1614 binae,
1195 1565 1440 1611 decolores,
1476 1565 1714 1619 oblongae,
1750 1578 1892 1605 mem—

273 1631 418 1672 brana
476 1636 781 1681 0,0015—0,003
839 1633 1015 1673 millim.
1077 1646 1242 1681 crassa,
1294 1634 1535 1686 exosporio
1578 1633 1720 1680 tenui,
1766 1633 1897 1672 intus

273 1699 517 1753 laevigatO,
562 1700 681 1754 long.
729 1701 832 1740 circ.
881 1704 1177 1749 0,076-—0,090,
1223 1713 1358 1740 crass.
1406 1703 1688 1748 0,030——O‚040
1715 1698 1890 1739 millim.

273 1766 561 1821 Paraphyses
606 1781 1058 1808 ramoso-connexae.
1124 1766 1417 1822 Epithecium
1464 1768 1704 1820 nigricans,
1754 1765 1890 1806 KHO

273 1834 770 1875 caeruleo-violascens.

390 1900 462 1941 Ad
490 1902 675 1956 plantas
706 1901 966 1943 destructas
996 1906 1043 1943 et
1072 1902 1246 1955 lignum
1276 1906 1322 1942 et
1353 1902 1544 1942 cortices
1574 1900 1888 1948 arbustorum,

273 1982 411 2022 supra
438 1973 609 2009 terram
636 1973 990 2023 prostratorum,
1021 1973 1309 2010 mortuorum
1336 1970 1382 2009 in
1410 1968 1565 2009 littore
1593 1968 1718 2008 lacus
1746 1980 1889 2022 prope

272 2035 470 2076 Pitlekai
495 2036 673 2077 fertilis.

389 2103 494 2144 Var.
535 2105 786 2142 obducens
823 2104 971 2158 (Nyl.)
1004 2105 1152 2145 Wain.
1218 2104 1479 2144 Ρθνίηεανῑῗα
1514 2102 1729 2143 obducens
1763 2101 1891 2155 Nyl.,

271 2169 336 2210 ΕΙ.
370 2173 479 2209 1868
502 2185 546 2224 p.
579 2174 672 2211 162.
1716 2220 1720 2221 ⁷

389 2237 799 2279 Pseudostromata
839 2238 1237 2287 verrucaeformia,
1281 2238 1379 2279 basi
1420 2237 1582 2278 leviter
1623 2236 1891 2284 constricta,

271 2304 514 2358 apothecia
544 2305 681 2359 vulgo
712 2319 956 2346 numerosa
992 2307 1112 2357 (circ.
1148 2309 1325 2357 25-—5),
1358 2306 1503 2345 rarius
1532 2305 1751 2359 pauciora
1781 2316 1891 2343 con-

272 2372 482 2420 tinentia,
514 2371 648 2412 discis
677 2374 882 2421 minutis,
912 2372 1316 2427 punctiformibus,
1347 2371 1473 2412 haud
1501 2375 1582 2412 aut
1610 2383 1775 2424 parum
1803 2371 1891 2410 im-

270 2439 450 2493 pressis,
488 2440 641 2493 nigris.
680 2465 737 2469 ——
772 2439 959 2480 Thallus
995 2444 1041 2480 et
1076 2439 1483 2494 pseudostromata
1519 2437 1654 2478 KHO
1691 2450 1890 2491 superne

270 2506 440 2560 passim
462 2505 590 2554 bene,
613 2508 785 2560 passim
805 2520 898 2547 non
918 2508 1167 2561 reagentia,
1190 2508 1316 2547 intus
1336 2505 1611 2546 lutescentia
1631 2508 1677 2545 et
1699 2503 1887 2544 demum

270 2572 487 2627 crystalla
505 2573 644 2614 rubra
662 2573 926 2614 formantia.
992 2573 1193 2614 Medulla
1211 2573 1319 2626 jodo
1338 2586 1429 2613 non
1448 2585 1649 2626 reagens.
1715 2570 1888 2625 Sporae

269 2639 417 2688 binae,
482 2639 725 2689 decolores,
791 2640 1028 2694 oblongae,
1084 2641 1353 2682 membrana
1397 2642 1680 2687 0,004—--0,010
1708 2637 1883 2678 millim.

270 2720 434 2754 crassa,
488 2708 728 2762 exosporio
782 2709 925 2755 tenui,
978 2709 1104 2748 intus
1141 2708 1385 2761 laevigato,
1426 2706 1544 2760 long.
1586 2708 1883 2754 Ο,186--Ο,280,

269 2787 403 2815 crass.
478 2777 761 2823 0,048—0,050
830 2775 1004 2814 millim.
1084 2774 1372 2828 Paraphyses
1429 2785 1884 2814 ramoso-connexae-

271 2841 565 2895 Epithecium
590 2841 901 2882 obscuratum.
929 2866 986 2870 —
1011 2842 1115 2882 Var.
1143 2841 1358 2882 obducens
1381 2844 1428 2881 et
1453 2854 1550 2881 var.
1577 2837 1884 2880 ochrolechioi-

267 2908 341 2948 des
371 2908 535 2949 habitu
566 2908 895 2949 dissimillimae
926 2912 1047 2957 sunt,
1081 2912 1130 2949 at
1159 2909 1475 2949 inconstantes
1505 2906 1734 2947 videntur.

388 2975 473 3015 Est
503 2975 700 3016 variatio
730 2975 1014 3029 frequentior
1044 2975 1096 3015 P.
1129 2976 1360 3016 coriaceae.
1426 2974 1549 3015 Bene
1578 2972 1766 3014 evoluta
1795 2970 1882 3011 fer-

269 3041 453 3095 tilisque
483 3042 541 3082 ad
570 3042 754 3096 plantas
783 3042 1044 3083 destructas
1073 3046 1119 3082 et
1148 3042 1321 3096 lignum
1351 3045 1397 3082 et
1426 3041 1642 3082 corticem
1671 3037 1880 3079 arbusto-
