1965 3240
215 155 256 183 E.
292 153 488 190 WAINIO,
522 152 762 182 L1CHENES
794 151 949 180 PROPE
981 151 1210 180 PITLEKAI
1243 151 1484 182 COLLECTL
1587 144 1664 183 137

46 262 324 302 incrassatis.
393 259 736 314 Hypothecium
764 258 985 306 albidum,
1014 272 1070 299 ex
1097 257 1266 312 hyphis
1292 259 1454 299 erectis
1481 259 1665 313 conglu-

46 329 208 370 tinatis
231 329 498 376 formatum,
524 328 619 367 sine
643 326 788 367 limite
812 326 1033 367 distincto
1056 326 1102 366 in
1126 325 1397 379 hymenium
1421 327 1664 367 transiens.

47 397 330 450 Hymenium
348 401 393 436 et
413 395 744 449 hypothecium
761 393 870 447 jodo
888 393 1212 441 caerulescens,
1228 393 1333 434 dein
1351 393 1666 442 obscuratum,

45 463 232 505 demum
264 464 379 504 ascis
409 464 580 517 partim
610 461 986 503 fuscescentibus.
1055 460 1350 515 Epithecium
1378 462 1669 515 aeruginoso-

46 530 330 584 fuligineum,
354 530 488 572 KHO
507 530 698 571 dilutius
717 529 987 570 coloratum.
1052 528 1343 583 Paraphyses
1361 533 1486 569 arcte
1505 528 1668 570 cohae-

46 603 212 646 rentes,
253 612 447 652 superne
485 612 620 652 parce
658 602 705 639 et
743 597 841 638 basi
879 596 1173 638 abundanter
1210 609 1666 645 ramoso-connexae,

48 665 318 707 membrana
366 667 411 706 in
459 665 595 706 KHO
641 669 945 719 turgescente,
995 664 1123 719 apice
1163 663 1668 705 clavato-incrassatae.

48 733 481 788 Pycnoconidangia
529 733 674 774 thallo
722 734 950 781 immersa,
1001 731 1330 786 conceptaculo
1379 732 1671 785 aeruginoso-

46 800 279 856 fuligineo.
345 800 625 854 Sterigmata
668 800 831 842 cellula
873 799 1018 841 basali
1062 799 1204 848 brevi,
1250 798 1445 840 articulo
1488 812 1671 839 summo

47 868 167 923 long.
218 871 329 917 O‚010
372 867 563 913 millim..
598 869 756 910 conico
787 871 869 909 aut
901 871 1095 922 anguste
1127 866 1427 921 ampullaceo.
1493 866 1672 921 Pycno-

48 935 231 977 conidja
263 935 462 989 oblonga
495 941 576 976 aut
609 936 838 991 elongata,
871 939 1012 984 recta,
1047 934 1255 989 apicibus
1286 933 1553 975 rotundatis
1587 939 1670 975 aut

49 1003 194 1045 altero
239 1004 367 1058 apice
426 1003 581 1057 paullo
613 1005 876 1058 angustiore
907 1003 1180 1057 obtusoque,
1213 1002 1333 1056 long.
1368 1005 1669 1050 0,006——0,008.

49 1085 186 1113 crass.
241 1074 570 1120 0,0015—0,0017
623 1071 798 1112 millim.
880 1071 1050 1125 Sporae
1103 1073 1248 1119 81nae,
1288 1069 1526 1118 distichae,
1566 1071 1674 1110 sim-

49 1138 202 1194 plices,
229 1138 474 1183 decolores,
501 1139 806 1193 ellipsoideae,
834 1138 1041 1193 apicibus
1064 1137 1343 1186 rotundatis,
1362 1137 1482 1192 long.
1504 1141 1672 1186 0,011—

51 1210 176 1256 0,013‚
209 1220 345 1248 crass.
379 1210 664 1255 0‚005-0‚006
695 1206 870 1247 millim.

170 1274 245 1315 Ad
266 1288 379 1315 saxa
400 1275 663 1329 gneissacea
685 1275 731 1315 in
756 1278 912 1315 monte
936 1273 1175 1315 meridiem
1198 1287 1356 1315 versus
1380 1287 1407 1314 a
1429 1273 1675 1328 peninsula

49 1342 278 1385 Jinretlen
323 1343 426 1383 sita.
492 1342 614 1383 Fert.

173 1413 240 1451 51.
304 1412 354 1449 L.
402 1411 667 1448 tenebrosa
715 1410 833 1451 Flot.
876 1411 923 1450 in
962 1409 1174 1458 Zwaokh,
1213 1408 1338 1450 Lich.
1379 1409 1487 1450 Exs.
1518 1411 1675 1460 (1852)

51 1493 95 1519 n.
130 1480 213 1518 134
246 1480 307 1530 (n.
343 1481 484 1519 15046
510 1479 557 1518 in
584 1477 710 1519 herb.
740 1477 890 1532 Nyl.);
920 1478 1043 1532 Nyl.‚
1073 1477 1232 1518 Prodr.
1263 1476 1389 1518 Lich.
1421 1476 1536 1517 Gall.
1567 1476 1669 1530 Alg.

58 1548 215 1598 (1856)
243 1560 287 1601 p.
322 1549 417 1595 127,
448 1546 616 1586 Enum.
646 1545 771 1586 Lich.
801 1545 924 1586 Fret.
955 1545 1090 1586 Behr.
1125 1548 1280 1597 (1888)
1307 1559 1352 1599 p.
1387 1547 1452 1593 13,
1486 1547 1556 1593 50;
1586 1543 1671 1584 Th.

51 1613 144 1663 Fr„
172 1613 300 1655 Lich.
329 1613 500 1668 Spitsb.
534 1616 688 1665 (1867)
714 1628 758 1667 p.
789 1617 855 1661 41,
884 1613 1009 1654 Lich.
1038 1613 1202 1655 Scand.
1231 1613 1280 1653 ΙΙ
1310 1615 1466 1664 (1874)
1492 1626 1536 1666 p.
1567 1615 1670 1660 54Ο;

51 1681 256 1736 Almqu.,
279 1681 405 1722 Lich.
431 1681 575 1722 Iaktt.
600 1680 732 1723 Sibir.
762 1683 917 1733 (1879)
938 1695 982 1735 p.
1009 1683 1076 1729 49,
1100 1680 1226 1721 Lich.
1249 1680 1388 1721 Kiist.
1414 1680 1671 1734 Beringsm.

57 1752 213 1801 (1887)
239 1763 284 1803 p.
315 1752 415 1797 5243
445 1749 610 1798 XVain„
638 1749 744 1801 Adj.
774 1748 898 1789 Lich.
928 1748 1072 1803 Lapp.
1108 1748 1157 1789 Π
1188 1750 1342 1799 (1883)
1368 1762 1413 1802 p.
1445 1750 1512 1795 87,
1541 1746 1669 1787 Lich.

51 1817 241 1859 Caucas.
285 1819 440 1868 (1899)
483 1831 528 1871 p.
570 1819 670 1865 3243
709 1815 916 1857 Deichm.
955 1815 1136 1856 Branth
1171 1820 1217 1857 et
1254 1814 1451 1864 Groenl.,
1491 1814 1676 1855 Groenl.

52 1884 178 1925 Lich.
215 1886 369 1936 (1888)
397 1898 441 1938 p.
475 1887 575 1933 5033
606 1883 764 1932 Tuck.‚
796 1884 904 1938 Syn.
930 1883 1081 1924 North
1109 1883 1212 1923 Am.
1238 1882 1364 1923 Lich.
1384 1882 1433 1923 ΙΙ
1457 1884 1675 1936 (1888)p.

57 1955 126 2001 77;
165 1952 291 2000 Arn„
331 1951 569 1992 Labrador
596 1954 750 2003 (1896)
773 1966 817 2005 p.
843 1954 907 1991 13.
950 1951 1175 1992 Lecanora
1191 1951 1431 2003 ,qriseoatra
1453 1949 1676 2001 (Hoffm.)

53 2019 183 2068 Ach.‚
229 2019 355 2060 Lich.
392 2019 531 2061 Univ.
575 2022 729 2071 (1810)
764 2033 808 2073 p.
849 2021 945 2067 349,
982 2018 1167 2059 secund.
1204 2019 1389 2073 specim.
1426 2032 1450 2058 e
1484 2017 1679 2058 Lusatia

50 2089 100 2130 in
119 2086 246 2128 herb.
269 2087 381 2128 Ach.
406 2087 465 2128 ad
485 2087 759 2140 Aspiciliam
775 2087 1028 2140 aquaticam
1047 2085 1218 2127 Koerb.
1241 2087 1457 2140 pertinet.
1491 2084 1678 2126 Lecidea

53 2155 276 2208 fuscoatra
299 2156 334 2208 β.
363 2155 491 2207 qibba
509 2154 638 2203 Ach.‚
661 2154 769 2209 Syn.
791 2153 917 2194 Lich.
945 2156 1098 2206 (1814)
1117 2168 1162 2208 p.
1189 2157 1241 2193 12
1265 2153 1467 2205 (secund.
1489 2153 1675 2208 specim.

53 2237 78 2264 e
119 2223 281 2265 Suecia
308 2223 356 2263 in
383 2222 509 2264 herb.
541 2222 694 2274 Ach.)‚
724 2221 852 2262 haud
879 2221 1137 2270 VVahlenb„
1168 2221 1234 2262 Fl.
1266 2221 1411 2276 Lapp.
1448 2222 1602 2273 (1812)
1630 2234 1677 2274 p.

57 2293 155 2332 473.

173 2358 279 2399 Var.
308 2359 536 2407 primaria
566 2358 715 2399 XVain.

175 2425 472 2480 Epithecium
517 2424 1094 2479 aeruginoso-fuligineum.
1173 2423 1521 2479 Hypothecium
1567 2422 1681 2464 albi-

56 2493 170 2534 dum
189 2498 271 2534 aut
291 2495 465 2548 partim
485 2493 630 2534 dilute
650 2493 923 2534 fuscescens.
989 2492 1159 2547 Sporae
1179 2491 1485 2547 ellipsoideae,
1508 2495 1676 2532 rectae.

175 2560 250 2601 Ad
286 2575 399 2602 saxa
425 2562 473 2602 in
498 2560 741 2616 peninsula
763 2559 1005 2601 Jinretlen.
1035 2585 1093 2589 —
1118 2559 1174 2600 In
1200 2559 1286 2601 hoc
1313 2559 1560 2614 specimine
1588 2559 1683 2613 epi-

57 2627 868 2683 thecium,aeruginoso—fuligineum
918 2627 1073 2679 (KHO
1115 2641 1209 2669 non
1244 2630 1471 2682 reagens),
1507 2626 1682 2680 partim

57 2709 194 2751 parce
239 2697 287 2737 in
331 2696 495 2737 eodem
540 2695 784 2750 apothecio
826 2695 971 2736 etiam
1011 2695 1200 2749 pulchre
1236 2693 1682 2747 violascenti-fuligi-

58 2777 211 2813 neum,
254 2777 394 2818 quare
433 2763 519 2804 hoc
556 2764 787 2818 specimen
811 2763 860 2803 in
887 2762 964 2803 *13,
992 2762 1314 2816 somphoteram
1337 2763 1520 2803 transit.
1583 2760 1682 2814 Hy-

59 2831 264 2872 mem'um
320 2831 429 2885 jodo
471 2832 770 2886 persistenter
812 2830 1136 2872 caerulescens.
1215 2829 1504 2884 Paraphyses
1547 2831 1683 2877 0,0015

61 2898 236 2939 millim.
257 2912 449 2948 crassae,
476 2899 604 2953 apice
621 2897 786 2939 leviter
802 2902 885 2939 aut
901 2911 1068 2952 parum
1083 2899 1379 2946 incrassatae,
1398 2896 1501 2937 laxe
1519 2895 1682 2936 cohae-

60 2969 229 3015 rentes,
256 2967 384 3020 apice
410 2970 535 3007 arcte
560 2964 872 3014 cohaerentes,
898 2978 1048 3019 neque
1071 2979 1295 3014 ramosae,
1322 2978 1404 3005 nec
1431 2976 1691 3004 connexae.·
