1965 3240
257 161 298 190 E.
332 160 530 198 WMNIO,
563 161 802 191 LICHENES
834 161 987 190 PROPE
1019 161 1247 192 PITLEKAr
1275 163 1517 193 COLLECTI.
1648 157 1701 196 97

78 282 123 323 p.
161 271 228 317 22,
261 268 448 309 secund.
483 283 526 309 n.
563 270 707 308 41552
736 268 784 309 in
814 267 942 309 herb.
976 267 1082 322 Nyl.
1116 272 1187 310 est
1217 268 1369 310 forma
1399 270 1450 310 L.
1484 270 1618 312 laceri
1653 275 1701 313 et

78 339 243 391 postea
270 350 298 377 a
324 335 431 391 Nyl.
461 336 522 377 ad
547 336 579 377 f.
609 335 891 390 pulvinatam
923 335 1144 388 (Hoffm.)
1173 335 1317 377 ducta
1343 341 1427 378 est.
1492 338 1544 378 L.
1572 339 1700 380 scoti-

77 417 244 445 numv.
262 408 487 446 crenatmn
503 403 610 458 Nyl.
631 402 756 459 apud
773 402 939 449 Norrl.,
958 402 986 444 l.
1007 416 1044 443 c.
1068 402 1222 456 (1873)
1246 417 1291 458 p.
1315 406 1398 444 315
1419 404 1488 457 (L.
1507 405 1700 449 rivulare

76 484 174 512 var.
208 472 485 513 crenatnlmn
516 471 639 526 Nyl.,
672 470 739 512 Fl.
779 473 890 513 1875
919 485 964 526 p.
1004 473 1122 524 106),
1155 471 1342 513 secund.
1376 473 1562 527 specim.
1587 474 1697 529 orig.

83 540 145 591 (n.
180 542 324 579 41119
351 540 398 580 in
427 539 554 580 herb.
586 538 717 593 Nyl.)
746 552 840 580 non
867 539 1070 593 pertinet·
1100 538 1160 580 ad
1188 538 1466 581 Homodium
1494 539 1617 595 Nyl.,
1649 545 1699 582 at

77 605 139 647 ad
187 605 516 660 Euleptofflum,
565 606 711 648 thallo
758 609 1042 656 O‚090—O,110
1078 606 1255 648 millim.
1293 620 1459 657 crasso,
1497 612 1699 649 stratum

77 674 344 723 medullam,
365 689 422 716 ex
442 674 610 730 hyphis
631 678 703 715 sat
724 674 878 716 crebre
899 675 1109 729 septatis,
1131 674 1234 716 laxe
1254 676 1487 716 contextis
1506 679 1553 717 et
1571 677 1699 731 goni-

73 741 164 788 diis.
185 743 471 783 nostocaceis
496 756 632 797 parce
659 742 856 784 mucosis
881 741 1151 792 formatum,
1178 746 1225 783 et
1251 746 1453 784 stratum
1467 743 1697 793 corticale,

71 823 98 851 e
127 810 240 851 serie
269 809 474 864 simplice
505 809 772 851 cellularum
800 809 1069 859 formatum,
1102 811 1384 852 continente.
1448 809 1517 851 De
1533 810 1699 852 Homo—

74 876 152 918 dio
178 882 352 918 cremato
379 877 485 932 Nyl.
514 877 620 918 vide
646 877 780 918 infra.
810 902 868 907 -—
892 877 1147 923 Nescimus,
1177 877 1237 918 ad
1265 891 1405 932 quam
1428 879 1627 933 speciem
1644 879 1695 920 L.

77 944 272 986 lacerum
324 945 667 986 *tenuissimzwn
721 959 764 986 V.
819 944 1049 986 obscurata
1089 944 1173 986 Th.
1216 944 1308 995 Fr.‚
1351 944 1478 986 Lich.
1522 945 1696 1001 Spitsb.

82 1014 237 1065 (1867)
263 1026 308 1067 p.
339 1015 407 1062 52,
433 1014 681 1067 pertineat,
709 1017 758 1054 at
784 1027 889 1054 cum
913 1012 983 1054 hjs
1008 1012 1246 1068 speciebus
1272 1013 1586 1068 comparanda
1610 1018 1694 1055 est.

193 1079 267 1120 Ad
299 1084 471 1121 terram
504 1094 745 1122 arenosam
776 1082 824 1122 in
854 1080 1047 1136 planitie
1078 1080 1273 1122 littorali
1304 1094 1448 1136 prope
1481 1080 1694 1123 Pitlekai.

74 1146 198 1188 Fert.

194 1217 231 1256 2.
296 1217 348 1255 L.
382 1219 633 1254 crenatum
670 1216 818 1270 (Nyl.)
850 1216 999 1258 VVain.
1023 1216 1299 1258 Homodium
1318 1221 1545 1258 crematum
1568 1216 1693 1271 Nyl.,

73 1282 242 1324 Enum.
275 1282 403 1324 Lich.
436 1283 559 1324 Fret.
595 1284 730 1325 Behr.
761 1286 916 1337 (1888)
938 1298 983 1339 p.
1011 1286 1078 1334 53,
1101 1298 1170 1339 pr.
1193 1298 1238 1339 p.
1269 1284 1443 1339 (quoad
1464 1285 1696 1340 specimen

71 1351 120 1392 in
145 1350 296 1392 insula
324 1350 558 1405 Beliringii
585 1351 794 1404 lectum).

191 1417 380 1459 Thallus
405 1432 599 1473 superne
624 1424 671 1460 et
696 1419 871 1461 inferne
896 1423 1044 1461 strato
1070 1419 1276 1461 corticali
1299 1434 1323 1461 e
1348 1420 1461 1461 serie
1486 1419 1691 1474 simplice

73 1486 343 1527 cellularum
385 1486 587 1527 formato
633 1488 903 1537 instructus,
957 1491 1240 1537 O‚070—-O,140
1283 1487 1460 1528 milh'm.
1500 1501 1694 1530 crassus

71 1553 284 1596 Stratum
305 1553 556 1595 medullare
578 1555 888 1609 irregulariter
907 1555 1569 1610 plectenparenchymaticum,
1592 1569 1697 1610 pas-

72 1623 160 1663 sim
189 1622 286 1676 jam
315 1621 400 1662 sub
431 1626 579 1663 strato
610 1623 815 1664 corticali
845 1636 1163 1672 cavernosum,
1194 1624 1242 1664 in
1271 1623 1479 1664 cavernis
1508 1622 1695 1677 gonidja

72 1693 349 1731 nostocacea
381 1703 518 1744 parce
552 1704 741 1732 mucosa
776 1692 1030 1732 continens.
1095 1690 1256 1732 Thallo
1291 1695 1496 1732 ceterum
1529 1690 1696 1732 habitu

73 1758 263 1798 omnino
306 1757 452 1799 simile
493 1757 544 1799 L.
578 1759 801 1800 cretzatulo
832 1762 878 1800 et
908 1758 1066 1799 forsan
1096 1759 1195 1812 ejus
1226 1759 1443 1800 varietas.
1508 1758 1696 1801 Statum

73 1825 403 1866 intermedium
435 1826 557 1867 inter
581 1826 664 1868 has
691 1828 862 1882 species
889 1826 949 1867 ad
974 1825 1172 1867 Pitlekai
1197 1826 1308 1881 legit
1333 1826 1414 1867 cel.
1441 1825 1692 1881 Almquist,

70 1896 222 1934 strato
266 1892 507 1935 medullari
550 1895 725 1949 partim
767 1893 1376 1949 plectenparenchymatico,
1421 1894 1595 1949 partim
1638 1908 1697 1935 ex

75 1959 245 2017 hyphjs
277 1960 380 2002 laxe
413 1963 645 2003 contextis
676 1962 878 2003 formato
917 1963 982 2014 (in
1013 1961 1176 2003 eadem
1207 1962 1410 2003 sectione
1442 1961 1597 2014 thalh')
1629 1962 1698 2003 in-

72 2032 320 2078 structum,
361 2042 502 2082 quare
539 2043 682 2084 genus
720 2030 996 2071 Homodium
1031 2028 1138 2084 Nyl.
1178 2029 1427 2083 nequidem
1464 2028 1696 2084 subgenus

42 2128 46 2130 -
75 2096 280 2152 Leptoqii
302 2098 584 2139 constituere
607 2102 778 2153 potest.
805 2122 863 2127 -
885 2097 942 2138 In
965 2096 1013 2137 H
1014 2097 1187 2138 omodio
1210 2102 1384 2138 cremato
1407 2096 1531 2151 Nyl.,
1555 2097 1604 2138 in
1626 2097 1695 2137 in-

72 2166 175 2208 sula
216 2163 451 2219 Behringii
477 2179 505 2206 a
532 2165 612 2207 cel.
642 2165 695 2206 E.
725 2164 911 2219 Almqu.
940 2164 1060 2206 lecto
1093 2164 1364 2217 (secundum
1391 2165 1622 2220 specimen
1647 2177 1693 2205 n.

77 2236 220 2275 41117
241 2232 290 2273 in
310 2231 437 2273 herb.
462 2232 609 2288 Nyl.),
633 2233 806 2274 thallus
829 2235 1113 2282 Ο,060-Ο,070
1134 2232 1311 2274 minim.
1341 2246 1535 2282 crassus,
1566 2232 1694 2272 intus

71 2300 384 2356 irregulariter
427 2299 1064 2355 plectenparenchymaticus,
1111 2301 1286 2355 passim
1322 2313 1614 2349 cavernosus,
1646 2300 1695 2340 in

72 2369 283 2411 cavernis
315 2367 503 2422 gonidia
538 2372 827 2418 nostocacea,
862 2381 999 2423 parce
1036 2381 1225 2409 mucosa
1261 2368 1516 2410 continens.
1582 2367 1694 2422 Spo-

72 2451 150 2478 rae
176 2451 204 2479 a
228 2435 335 2490 Nyl.
363 2435 635 2491 descriptae.

193 2506 342 2561 Supra
359 2517 541 2547 muscos
557 2503 661 2558 plus
678 2504 889 2545 minusve
907 2503 1168 2545 destructos
1186 2503 1248 2545 ad
1263 2507 1436 2545 terram
1454 2516 1695 2544 arenosam

72 2574 123 2614 in
147 2573 391 2629 peninsula
414 2570 656 2614 Jinretlen.
692 2571 809 2614 Ster.

189 2863 297 2892 Arkiv
321 2864 378 2901 fo‘r
402 2862 547 2892 botanik.
595 2862 696 2892 Bancl
719 2863 749 2892 8.
797 2862 858 2891 N.·o
883 2863 912 2892 4.
1584 2858 1602 2888 7
