1965 3240
247 152 298 189 82
543 158 693 187 ARKiv
724 147 816 186 FoR
847 156 1075 185 BOTANIK.
1138 155 1269 183 BAND
1302 144 1342 183 8.
1404 154 1485 184 Nzo
1516 142 1556 184 4.

248 268 438 313 (js—053
482 263 656 305 millim.
689 263 808 310 latis,
843 262 1055 316 dispersis
1087 265 1168 301 aut
1198 261 1370 314 partim
1401 260 1630 309 confertis,
1664 260 1857 301 obscure

245 333 400 386 griseis
432 336 513 372 aut
546 328 931 371 cinerascentibus
963 333 1045 369 aut
1076 327 1428 375 fusco-cinereis,
1463 328 1630 381 opacis,
1665 326 1858 382 apothe-

247 400 368 440 oium
389 412 533 439 unum
555 401 636 438 aut
657 398 802 437 rarius
824 395 1067 450 apothecia
1087 395 1220 449 plura
1241 393 1598 442 continentibus,
1613 393 1750 435 KHO
1766 407 1858 435 non

246 480 447 520 reagens,
487 465 596 518 jodo
635 463 957 512 caerulescens,
996 461 1270 516 hypothallo
1308 461 1575 514 nigricante,
1616 475 1750 515 saepe
1787 474 1860 502 ra-

248 534 406 575 diante
442 533 545 587 plus
576 533 786 572 minusve
817 530 1017 571 evoluto.
1082 528 1339 583 Apothecia
1370 528 1564 576 minuta,
1598 529 1700 568 circ.
1735 531 1862 576 0,4——

250 605 314 649 O,2
365 600 541 641 millim.
589 599 700 647 lata,
738 597 883 638 thallo
919 598 1146 644 immersa,
1185 595 1309 636 disco
1344 596 1487 649 nigro,
1525 594 1665 643 nudo,
1703 595 1859 649 plano,

248 667 446 709 thallum
483 666 610 707 haud
647 668 907 719 superante,
948 664 1134 705 demum
1172 677 1306 717 saepe
1345 662 1515 703 annulo
1554 661 1861 703 maculiformi

248 739 331 777 aut
364 735 526 776 leviter
559 733 862 788 prominente,
898 732 1166 785 nigricante,
1203 729 1348 770 thallo
1382 729 1596 778 formato,
1633 729 1862 784 angustis-

248 804 377 851 simo,
406 801 465 842 ad
490 802 636 841 instar
661 800 878 853 marginis
904 797 1203 845 circumdata,
1230 796 1497 851 parathecio
1522 796 1648 837 haud
1673 796 1863 837 evoluto

249 874 331 911 aut
358 870 406 909 in
433 869 578 909 altero
605 867 747 908 latere
777 866 963 907 demum
991 864 1226 906 denudato
1255 868 1557 904 evanescente
1577 867 1624 904 et
1640 877 1695 904 ex
1714 863 1862 917 hypo-

249 937 395 978 thallo
419 934 901 988 caeruleo-nigricante
925 933 1139 974 formato.
1160 930 1506 986 Hypothecium
1529 930 1632 985 plus
1652 931 1862 971 minusve

251 1005 344 1045 late
382 1003 776 1056 fusco-nigricans.
842 1000 1011 1055 Sporae
1049 1003 1194 1047 81nae,
1224 997 1462 1046 distichae,
1497 1001 1765 1052 1-septatae,
1793 997 1865 1038 fu-

250 1086 366 1119 scae,
401 1071 521 1124 long.
558 1072 855 1117 0,012—0.016,
891 1081 1026 1108 crass.
1062 1069 1343 1113 0.005-—0,008
1377 1065 1568 1113 millim„
1592 1064 1864 1106 membrana

251 1138 504 1192 aequaliter
522 1137 699 1177 modice
717 1136 985 1179 incrassata,
1005 1134 1131 1175 haud
1149 1138 1231 1174 aut
1250 1133 1478 1174 levissime
1496 1133 1785 1173 constrictae.
1806 1156 1865 1160 —-

252 1207 535 1260 Hymenium
571 1205 673 1244 cire.
713 1205 994 1251 O‚060—0,080
1029 1201 1204 1242 millim.
1243 1213 1460 1247 crassum,
1487 1199 1595 1252 jodo
1619 1200 1864 1254 persisten-

251 1278 320 1314 ter
351 1272 674 1314 caerulescens.
739 1269 1033 1324 Epithecium
1069 1268 1293 1309 olivaeeo-
1318 1271 1399 1308 aut
1424 1266 1862 1320 fusco—fuligineum,

252 1340 387 1381 KHO
423 1353 515 1380 non
550 1352 752 1392 reagens.
817 1336 1105 1391 Paraphyses
1141 1339 1213 1375 sat
1248 1335 1350 1375 laxe
1387 1333 1696 1382 cohaerentes,
1735 1334 1864 1387 apice

250 1406 715 1462 fuligineo-clavatae.
780 1404 966 1445 Thallus
997 1403 1295 1456 microscopio
1325 1403 1450 1442 visus
1481 1400 1616 1442 KHO
1646 1414 1739 1441 non
1767 1413 1865 1441 rea-

251 1489 374 1529 gens.
416 1500 472 1504 —
509 1474 578 1514 M.
620 1471 900 1524 mim-opiam,
942 1470 1010 1511 M.
1052 1469 1384 1517 ectolechiozfde&
1413 1468 1482 1508 M.
1510 1467 1773 1521 injucunda,
1792 1467 1864 1507 M.

252 1542 542 1595 crystallisera
569 1545 615 1581 et
645 1540 713 1580 M.
746 1537 1135 1580 Tschuctschorum
1162 1536 1326 1577 habitu
1355 1537 1542 1576 omnino
1564 1535 1731 1576 similes
1757 1538 1866 1575 sunt

253 1614 300 1651 et
329 1610 501 1664 partim
532 1609 674 1649 etiam
706 1607 891 1647 mixtim
922 1608 1131 1646 crescunt
1161 1608 1208 1645 et
1238 1603 1331 1644 fere
1363 1603 1511 1643 solum
1542 1602 1689 1643 colore
1720 1601 1865 1655 hypo—

255 1677 395 1718 thecii
415 1680 462 1717 et
482 1674 794 1717 reactionibus
815 1673 1054 1714 differunt.

372 1743 445 1784 Ad
470 1742 645 1797 lapides
671 1742 920 1795 graniticos
946 1753 1088 1794 prope
1115 1752 1286 1793 pagum
1314 1736 1509 1778 Pitlekai
1537 1741 1583 1777 et
1610 1737 1656 1776 in
1682 1736 1865 1789 regione

256 1811 493 1852 meridiem
516 1823 674 1851 versus
697 1823 724 1849 a
746 1807 944 1848 Pitlekai
967 1808 1056 1847 sita
1078 1811 1124 1847 et
1147 1807 1193 1846 in
1215 1804 1455 1860 peninsula
1475 1803 1715 1844 Jinretlen.
1741 1802 1865 1843 Fert.

911 2018 949 2053 4.
1010 2012 1218 2055 Buellia.

379 2148 413 2184 1.
478 2146 525 2182 B.
587 2140 903 2194 (CatoIechia)
956 2142 1195 2190 pulchella
1256 2138 1484 2191 (Schrad.)
1542 2136 1699 2185 Tuck,
1756 2135 1868 2176 Gen.

258 2211 382 2252 Lich.
432 2213 585 2263 (1872)
628 2225 672 2264 p.
727 2213 824 2258 1853
864 2208 946 2249 Th.
986 2208 1076 2256 Fr„
1116 2207 1240 2248 Lich.
1285 2205 1448 2248 Scand.
1491 2206 1645 2256 (1874)
1683 2217 1726 2257 p.
1768 2205 1869 2251 5883

258 2279 458 2332 Almqu.,
481 2277 606 2318 Lich.
630 2276 773 2317 Iaktt.
797 2276 928 2318 Sibir.
957 2277 1110 2326 (1879)
1130 2289 1174 2328 p.
1200 2277 1266 2322 36,
1292 2276 1358 2321 37,
1384 2275 1450 2320 38,
1476 2274 1542 2320 43,
1575 2273 1642 2312 47.
1706 2269 1872 2310 Lichen

258 2345 501 2399 pulchellus
525 2344 727 2393 Schrad,
751 2343 911 2384 Journ.
940 2342 962 2382 I
992 2344 1145 2394 (1801)
1169 2356 1213 2396 p.
1244 2344 1309 2382 74.
1376 2338 1624 2380 Catolechz'a
1654 2336 1872 2390 pulchella

258 2413 339 2453 Th.
363 2413 452 2461 Fr„
475 2411 600 2452 Lich.
623 2411 748 2451 Arct.
777 2412 930 2462 (1860)
951 2424 995 2464 p.
1025 2412 1117 2450 176.
1182 2408 1366 2449 Lecz'dea
1393 2405 1710 2456 Wahlenberqii
1739 2402 1869 2452 Ach„

260 2479 401 2520 Meth.
436 2479 561 2520 Lich.
602 2479 756 2530 (1803)
788 2492 833 2531 p.
871 2480 937 2517 81.
1002 2476 1143 2516 Psom
1174 2474 1349 2528 qalbula
1382 2474 1514 2513 Ram.
1550 2471 1675 2526 apud
1715 2471 1770 2511 D.
1806 2470 1869 2518 C„

259 2547 325 2587 Fl.
354 2546 426 2586 Fr.
457 2549 481 2586 3
505 2545 575 2587 ed.
604 2545 652 2585 H
683 2547 836 2596 (1805)
862 2558 906 2598 p.
938 2546 1033 2583 368.

378 2613 451 2653 Ad
480 2617 651 2653 terram
676 2625 816 2667 prope
838 2624 1010 2665 pagum
1033 2608 1228 2650 Pitlekai
1252 2611 1369 2648 teste
1391 2606 1592 2659 Almqu.,
1616 2604 1643 2644 l.
1669 2618 1705 2644 c.
1729 2617 1774 2658 p.
1801 2605 1869 2643 47.

381 2683 418 2720 2.
481 2682 532 2719 B.
579 2680 859 2728 (Eubuellia)
905 2677 1196 2716 disciformis
1243 2674 1357 2725 (Fr.)
1387 2672 1592 2714 Deichm.
1617 2669 1795 2712 Branth
1825 2673 1873 2710 et

263 2748 433 2796 Rostr.,
472 2746 597 2787 Lich.
631 2746 749 2786 Dan.
789 2747 942 2796 (1869)
974 2758 1017 2798 p.
1057 2746 1154 2790 1113
1192 2742 1351 2789 Wain.,
1385 2739 1509 2780 Lich.
1544 2738 1675 2781 Sibir.
1711 2735 1869 2777 Merid.

267 2817 421 2866 (1896)
452 2828 496 2868 p.
527 2817 591 2853 14.
641 2812 824 2853 Lecz'dea
847 2811 919 2851 Fr.
946 2809 1070 2865 apud
1093 2809 1260 2863 Moug,
1287 2808 1352 2850 St.
1378 2807 1489 2861 Vog.
1521 2807 1674 2856 (1823)
1698 2817 1741 2844 n.
1770 2805 1869 2849 745;

262 2881 385 2935 Ny1.‚
414 2880 539 2921 Lich.
568 2878 894 2920 Middendorff.
929 2879 1082 2930 (1874)
1109 2890 1153 2930 p.
1180 2878 1217 2924 3,
1242 2875 1408 2915 Enum.
1436 2872 1560 2914 Lich.
1589 2871 1710 2912 Fret.
1735 2867 1868 2910 Behr.

269 2950 422 3000 (1888)
467 2962 511 3002 p.
551 2950 587 2996 9,
627 2949 693 2995 68,
734 2949 800 2986 88.
864 2944 1042 2986 Ruellia
1075 2956 1307 2996 parasema
1341 2940 1423 2981 Th.
1459 2940 1548 2988 Fr„
1585 2937 1709 2978 Lich.
1745 2935 1869 2975 Aret.
