1965 3240
274 146 316 175 E.
351 146 547 182 wnmo,
580 145 818 175 LICHENES
851 147 1003 176 PROPE
1035 148 1259 177 PITLEKAI
1291 150 1532 180 coLLEcn.
1677 144 1729 181 33

106 252 220 294 culis
253 254 378 300 2-3,
409 251 605 292 articulo
634 265 814 292 summo
850 253 1157 306 (sterigmate)
1187 254 1416 308 elongato,
1449 257 1491 296 in
1523 257 1729 298 filamen-

108 324 210 361 tum
234 320 402 361 sensim
427 323 689 367 attenuato,
716 319 924 373 apicibus
948 325 993 360 ct
1019 321 1225 361 articulis
1251 323 1540 364 inferioribus
1559 339 1728 378 pycno-

107 386 292 428 conidia
319 385 636 427 efferentibus
703 387 1047 440 Pycnoconidia
1076 387 1275 441 oblonga
1304 395 1385 430 aut
1416 390 1611 432 alterum
1636 394 1730 446 api-

108 468 208 496 cem
236 467 396 495 versus
423 453 653 494 levissime
682 454 951 502 incrassata,
982 460 1122 502 recta,
1154 456 1362 509 apicibus
1389 457 1580 507 obtusis,
1610 459 1728 515 long.

109 524 409 571 O‚004—O‚005,
460 534 597 561 crass.
649 524 757 570 0,001
810 521 985 562 millim.
1022 547 1078 551 —
1113 522 1292 563 Habitu
1341 524 1394 565 P.
1431 526 1731 568 minusculam

108 589 215 644 Nyl.
248 590 296 630 in
327 588 597 630 memoriam
628 602 865 637 revocans,
900 593 949 629 at
981 589 1157 630 laciniis
1190 591 1454 645 applanatis
1485 598 1532 633 et
1557 595 1726 646 partim

109 657 326 699 torulosis
353 655 411 697 ab
438 670 492 697 ea
518 655 752 697 differens.
818 655 1001 697 Revera
1025 658 1234 711 proxime
1260 663 1329 699 est
1357 659 1512 700 affinis
1539 660 1592 701 P.
1614 661 1730 715 alpi-

109 724 228 766 colae
249 723 332 765 Th.
355 723 429 764 Fr.
453 727 500 764 et
522 724 653 777 quasi
675 724 775 776 ejus
797 725 996 765 variatio
1018 724 1153 766 valde
1176 725 1421 776 diminuta,
1442 732 1490 768 at
1513 733 1729 769 constans

107 796 156 834 et
187 790 500 834 reactionibus
532 795 580 832 et
611 791 960 846 pycnoconidiis
994 791 1052 833 ab
1086 807 1140 833 ea
1172 792 1404 835 differens.
1470 794 1730 837 Secundum

108 860 435 901 annotationes
455 858 711 914 Nylanderi
730 859 778 899 in
797 858 924 900 herb.
947 873 1029 900 suo
1056 862 1116 912 (n.
1142 863 1285 901 34264
1304 865 1349 902 et
1374 864 1536 915 34257)
1557 877 1729 918 pycno-

108 927 292 969 conidia
310 928 358 968 in
378 927 431 967 P.
453 926 648 980 alpicola
667 925 991 968 bifusiformia.

227 993 300 1036 Ad
327 1008 441 1036 saxa
466 994 694 1049 granitica
721 998 768 1035 et
795 995 1059 1048 gneissacea
1086 996 1133 1036 in
1160 996 1401 1050 peninsula
1427 997 1655 1040 Jinretlen
1683 1004 1729 1040 et

107 1064 155 1104 in
176 1064 360 1118 regione
382 1063 608 1103 orientem
630 1075 789 1102 versus
812 1076 839 1102 a
862 1063 964 1103 sinu
988 1062 1288 1116 Koljutschin
1311 1066 1414 1106 sita.
1439 1065 1562 1107 Fert.

635 1219 774 1274 Subg.
814 1221 851 1260 3.
890 1222 1206 1270 Menegazzia.

236 1335 300 1373 12.
364 1334 412 1371 Ρ.
445 1333 748 1371 subobscura
778 1333 928 1374 VVain.
961 1335 1021 1386 (n.
1048 1336 1155 1388 sp.).

228 1399 396 1443 Similis
416 1400 469 1440 P.
491 1399 744 1441 obscuratae
763 1400 929 1450 Bitter,
952 1401 1041 1442 Zur
1060 1400 1238 1455 Morph.
1261 1401 1560 1456 Hypogymn.
1588 1403 1730 1456 (Hed-

110 1469 243 1523 Wigia
269 1467 368 1517 XL,
402 1470 533 1520 1901)
560 1481 604 1522 p.
636 1470 733 1517 214,
765 1470 861 1518 269,
890 1473 939 1509 at
966 1468 1154 1510 sorediis
1180 1470 1367 1510 omnino
1393 1475 1439 1510 et
1465 1475 1731 1512 constanter

111 1535 354 1577 destituta.
420 1534 609 1576 Thallus
641 1549 836 1589 superne
868 1535 1249 1591 fusco-nigricans
1282 1541 1363 1577 aut
1396 1537 1606 1591 partibus
1631 1552 1729 1579 um-

111 1603 257 1644 bratis
287 1602 472 1657 pallidis
502 1603 577 1644 vel
606 1602 1019 1658 glaucescentibus,
1052 1604 1287 1645 interdum
1318 1604 1492 1646 albido-
1523 1610 1569 1646 et
1594 1607 1730 1660 nigri-

110 1671 540 1725 canti-variegatus,
570 1670 735 1712 subtus
763 1671 902 1726 vulgo
929 1685 1074 1726 usque
1101 1671 1161 1712 ad
1185 1671 1416 1713 ambitum
1441 1672 1727 1723 obscuratus,

109 1739 237 1780 intus
276 1738 423 1788 albus,
451 1738 692 1780 fistulosus
716 1738 1017 1793 inflatusque,
1047 1739 1201 1781 crebre
1222 1740 1428 1781 iteratim
1450 1740 1727 1790 dichotome,

109 1805 388 1848 trichotome
421 1810 468 1847 et
502 1805 902 1861 subirregulariter
934 1807 1195 1856 laciniatus,
1230 1806 1407 1848 laciniis
1441 1809 1620 1849 circiter
1648 1811 1731 1848 3—

111 1877 178 1924 Ο,8
202 1873 379 1915 millim.
404 1873 526 1923 latis,
557 1874 697 1928 vulgo
721 1876 944 1924 cuneatis,
970 1876 1091 1916 inter
1115 1889 1160 1916 se
1185 1876 1413 1929 contiguis
1437 1880 1519 1916 aut
1543 1875 1729 1916 demum

108 1940 468 1990 subimbricatis,
485 1941 545 1982 ad
558 1941 720 1983 axillas
736 1941 864 1983 haud
879 1942 1150 1996 patentibus
1167 1947 1249 1983 aut
1265 1943 1466 1996 primum
1484 1943 1729 1984 conniven-

107 2008 248 2059 tibus,
280 2008 489 2064 apicibus
517 2009 798 2059 rotundatis,
822 2009 1013 2058 inflatis,
1038 2009 1189 2051 medio
1213 2009 1490 2065 applanatis‚
1524 2010 1725 2051 adnatus

84 2105 88 2107 -
111 2076 464 2131 adpressusque,
515 2076 705 2118 sorediis
752 2077 904 2127 nullis,
954 2077 1098 2118 isidiis
1147 2077 1415 2126 destitutus,
1455 2077 1728 2132 laevigatus,

110 2143 278 2185 saltem
313 2143 545 2185 ambitum
578 2158 738 2186 versus
772 2145 963 2194 nitidus,
1000 2144 1304 2186 foraminibus
1338 2144 1489 2194 nullis,
1518 2145 1729 2198 partibus

108 2211 510 2266 glaucescentibus
535 2212 673 2254 KHO
698 2212 863 2254 leviter
887 2212 1263 2261 flavescentibus,
1286 2212 1450 2253 subtus
1471 2212 1726 2267 rugulosus.

108 2278 369 2333 Apothecia
393 2278 520 2320 haud
543 2281 659 2321 visa.

227 2346 400 2388 Utrum
424 2347 478 2388 P.
506 2346 722 2401 physocles
744 2361 842 2388 var.
869 2347 1099 2389 obscurata
1122 2347 1252 2397 Ach.,
1279 2347 1387 2402 Syn.
1414 2347 1540 2389 Lich.
1573 2350 1727 2400 (1814)

107 2429 152 2470 p.
187 2417 284 2464 218,
315 2414 376 2456 ad
403 2414 522 2456 hanc
559 2416 773 2470 speciem,
804 2429 864 2456 an
892 2415 953 2456 ad
980 2415 1034 2456 P.
1064 2415 1338 2457 austerodem
1368 2414 1491 2470 Nyl.,
1524 2415 1591 2456 Fl.
1619 2418 1726 2455 1881

107 2495 153 2536 p.
192 2484 289 2532 537,
325 2484 572 2537 pertineat,
608 2484 838 2524 incertum
872 2486 956 2524 est.
1022 2482 1078 2523 In
1111 2484 1359 2538 specimine
1405 2482 1628 2537 originali,
1669 2482 1730 2523 ad

108 2550 328 2591 corticem
368 2549 472 2591 Pini
511 2551 560 2591 in
600 2550 819 2591 Helvetia-
856 2550 991 2599 lecto,
1033 2550 1212 2592 soredia
1235 2550 1362 2591 nulla
1381 2549 1528 2591 videri
1551 2554 1721 2604 potest,

109 2620 160 2657 at
181 2616 407 2658 detritum
428 2622 513 2667 est,
536 2632 686 2672 neque
709 2619 822 2659 satis
844 2618 1033 2659 bonum.
1098 2617 1172 2658 Ad
1193 2618 1246 2658 P.
1271 2617 1583 2674 subobscuram
1604 2630 1729 2670 spec-

108 2687 183 2725 tat
223 2684 299 2725 »P.
335 2684 580 2738 physodes»
614 2685 740 2739 apud
773 2685 976 2739 Almqu.‚
1012 2685 1138 2726 Lich.
1175 2684 1321 2726 Iaktt.
1358 2684 1450 2727 Sib.
1492 2687 1647 2737 (1879)
1681 2699 1725 2739 p.

111 2754 180 2801 46,
210 2754 278 2801 47,
308 2754 376 2793 49.

226 2818 301 2859 Ad
327 2823 500 2860 terram
527 2833 769 2860 arenosam
796 2824 843 2860 et
871 2819 931 2860 ad
957 2819 1133 2874 lignum
1160 2833 1302 2874 prope
1320 2832 1492 2872 pagum
1512 2816 1726 2867 Pitlekai;

108 2885 170 2926 ad
202 2899 316 2927 saxa
349 2887 576 2941 granitica
609 2891 656 2928 61
689 2888 953 2941 gneissacea
986 2888 1033 2928 in
1066 2886 1309 2940 peninsula
1339 2885 1567 2927 Jinretlen
1601 2889 1647 2926 et
1680 2885 1728 2926 in

109 2957 268 2994 monte
298 2953 537 2995 meridiem
565 2967 725 2995 versus
755 2968 783 2994 a
807 2953 1037 2995 Jinretlen
1067 2954 1170 2994 sito.
1236 2954 1352 2995 Ster.

228 3039 338 3068 Arkiv
362 3040 419 3076 fiir
448 3039 592 3069 botanik.
643 3039 752 3069 Band.
778 3041 808 3069 8.
855 3039 917 3068 Nm
941 3040 972 3069 4.
1620 3039 1638 3067 3
