1965 3240
250 151 292 180 E.
328 151 526 188 WAINIO,
560 150 800 180 LICHENES
832 150 985 179 PROPE
1018 150 1242 179 1’1'1‘1AEKA1
1275 152 1515 181 COLLECTI.
1658 145 1711 183 73

86 257 248 311 phodes
281 269 318 309 γ.
351 256 537 299 archam
572 256 701 305 Ach.,
739 255 881 297 Mcth.
919 255 1044 297 Lich.
1087 259 1242 308 (1803)
1277 271 1320 311 p.
1365 261 1457 306 156,
1496 272 1612 311 quac
1650 259 1708 299 ad

85 325 135 366 L.
174 324 436 377 laeviqatam
463 324 569 379 Nyl.
599 325 802 379 pertinet
834 323 957 375 (vide
985 323 1142 375 infra).

204 391 462 447 Apothecia
493 392 618 433 disco
649 393 792 446 nigro,
825 391 965 440 nudo,
999 392 1203 445 margine
1219 391 1321 445 plus
1340 393 1548 433 minusve
1567 392 1711 434 flexu—

85 474 164 501 oso
219 464 301 501 aut
348 459 585 501 crenulato
631 463 714 500 aut
753 460 947 513 integro,
993 458 1199 499 olivaceo
1244 459 1316 499 vel
1349 459 1518 513 pallide
1565 460 1710 500 fusce-

86 528 415 582 scenti—griseo‚
483 527 628 568 thallo
691 526 943 568 concolore.
1038 525 1226 567 Thallus
1292 531 1364 567 sat
1428 541 1619 575 crassus,
1687 543 1710 567 e

88 596 288 637 verrucis
327 596 555 649 contiguis
585 599 667 636 aut
703 594 808 649 plus
847 595 1058 635 minusve
1081 595 1251 648 sparsis
1275 598 1507 635 constans.
1534 619 1590 623 -
1614 595 1711 649 Hy-

88 663 291 704 menium
337 664 440 703 circ.
481 666 591 711 0,130
639 661 815 703 millim.
855 675 1074 702 crassum.
1140 660 1436 715 Epithecium
1468 661 1714 702 rubescens

87 734 170 771 aut
201 729 347 771 dilute
378 729 623 771 rubescens
655 733 738 770 aut
768 729 1041 770 fuscescens.
1108 728 1456 783 Hypothecium
1489 729 1711 770 albidum.

88 796 377 853 Paraphyses
406 798 534 851 apice
563 797 789 838 clavatae.
855 797 1026 851 Sporae
1058 799 1205 845 81nae,
1234 797 1437 851 primum
1465 796 1714 843 decolores,

87 865 193 906 dein
249 865 572 913 fuscescentes,
632 864 903 906 membrana
959 863 1266 918 inaequaliter
1323 865 1591 913 incrassata,
1651 864 1711 905 ad

87 933 238 987 apices
276 936 324 973 et
361 936 546 986 septum
584 933 817 981 crassiore,
856 946 970 987 poro
1008 936 1081 973 sat
1118 931 1230 980 lato,
1279 931 1462 972 lamella
1499 932 1717 973 mediana

86 999 322 1048 distincta,
355 999 475 1054 long.
511 1003 809 1049 0,027—0,036‚
843 1013 979 1040 crass.
1014 1002 1296 1049 0,011—O‚013
1328 999 1503 1040 millim.

263 1067 338 1108 Ad
370 1067 557 1123 plantas
592 1067 854 1108 destructas
885 1071 932 1108 et
963 1071 1135 1108 terram
1154 1067 1383 1108 turfosam
1404 1068 1450 1107 in
1472 1066 1713 1122 peninsula

82 1135 311 1177 Jinretlen
344 1139 391 1176 et
422 1148 566 1190 prope
592 1136 751 1176 sinum
783 1134 1099 1188 Koljutschin.
1164 1135 1287 1176 Fert.

203 1202 254 1244 F.
319 1206 601 1242 ecrustacea
638 1203 787 1244 Wain.
820 1203 1046 1244 Lecanora
1077 1202 1273 1256 tursacea
1312 1216 1409 1244 var.
1451 1202 1637 1243 archam
1677 1203 1710 1242 f.

87 1275 333 1312 ecrustacea
394 1271 560 1320 Wain.,
591 1270 697 1325 Adj.
727 1270 854 1312 Lich.
885 1270 1031 1325 Lapp.
1062 1270 1085 1311 Ι
1118 1273 1272 1323 (1881)
1301 1285 1345 1325 p.
1382 1273 1475 1310 153.

204 1337 463 1393 Apothecia
500 1338 626 1380 disco
663 1339 807 1393 nigro,
847 1338 988 1388 nudo,
1029 1339 1234 1393 margine
1272 1339 1465 1392 integro,
1506 1337 1713 1378 olivaceo

86 1410 170 1448 aut
217 1406 387 1461 pallide
436 1410 519 1447 aut
568 1406 760 1447 obscure
808 1406 1268 1460 fuscescenti-griseo,
1319 1405 1460 1446 nudo.
1526 1405 1717 1446 Thallus

86 1488 379 1515 evanescens.
405 1499 464 1504 -
487 1474 698 1516 Stratum
723 1474 939 1515 corticale
963 1473 1164 1528 excipuli
1188 1473 1364 1515 inferne
1388 1474 1714 1520 incrassatum,

87 1557 144 1583 ex
198 1540 368 1596 hyphis
423 1541 723 1583 verticalibus
779 1545 852 1583 sat
907 1541 1329 1596 pachydermaticis
1386 1540 1715 1595 conglutinatis

87 1609 357 1659 formatum,
399 1609 684 1650 cavitatibus
725 1609 1002 1664 ellipsoideis
1042 1613 1125 1650 aut
1166 1608 1374 1663 oblongis
1415 1609 1714 1662 elongat-isve,

87 1678 296 1732 angustis
329 1681 412 1718 aut
444 1677 609 1718 leviter
641 1677 865 1727 dilatatis,
900 1691 1095 1732 superne
1128 1681 1443 1725 attenuatum,
1478 1675 1587 1729 jodo
1620 1689 1714 1715 non

86 1758 290 1799 reagens.
356 1744 706 1799 Hypothecium
757 1744 966 1786 albidum
1017 1749 1100 1785 aut
1149 1744 1390 1799 pallidum,
1444 1742 1718 1785 subcartila-

86 1813 287 1867 gineum,
325 1816 477 1854 strato
509 1812 867 1867 myelohyphico
902 1813 1189 1867 impositum.
1287 1811 1574 1866 Hymenium
1609 1811 1714 1851 circ.

88 1883 372 1930 O,140—O,200
414 1879 590 1921 millim.
624 1894 843 1922 crassum.
906 1879 1203 1935 Epithecium
1238 1879 1496 1920 fuscescens
1528 1882 1610 1919 aut
1639 1892 1716 1918 ru—

87 1947 289 1989 bescens.
386 1947 676 2003 Paraphyses
723 1949 852 2003 apice
899 1961 1065 2003 parum
1112 1948 1393 1988 incrassatae
1441 1950 1524 1987 aut
1567 1949 1719 1986 strato

85 2015 341 2070 gelatinoso
380 2015 679 2057 clavaeformi
716 2015 1002 2057 fuscescente
1040 2015 1285 2056 obductae.
1351 2014 1521 2069 Sporae
1564 2016 1712 2061 8:nae,

86 2082 326 2133 distichae,
365 2084 568 2138 primum
605 2083 851 2132 decolores,
891 2083 998 2124 dein
1033 2083 1357 2131 fuscescentes,
1397 2081 1550 2122 medio
1587 2079 1717 2121 haud

4 2199 6 2202 y
87 2154 170 2192 aut
224 2150 459 2192 interdum
513 2150 678 2192 leviter
732 2152 1024 2199 constrictae,
1082 2149 1353 2191 membrana
1406 2147 1717 2202 inaequaliter

86 2219 356 2268 incrassata,
387 2218 448 2259 ad
477 2219 628 2273 apices
663 2223 710 2260 et
746 2222 931 2274 septum
972 2219 1204 2266 crassiore,
1246 2217 1366 2271 long.
1414 2218 1716 2266 0,026—0,033,

87 2299 224 2327 crass.
270 2289 554 2336 0,011——0,014
594 2286 787 2335 millim.,
829 2289 961 2341 septo
1002 2289 1286 2335 0,004—O‚010
1326 2284 1502 2326 millim.
1544 2296 1715 2331 crasso,

87 2367 201 2408 poro
231 2358 304 2394 sat
333 2354 445 2395 lato.

207 2420 281 2462 Ad
339 2421 517 2476 lignum
576 2421 757 2463 fruticis
804 2425 851 2462 et
899 2420 960 2462 ad
1006 2422 1226 2462 corticem
1272 2424 1514 2461 vetustum
1561 2418 1714 2458 trunci

88 2487 264 2530 arboris
287 2503 430 2544 prope
453 2503 627 2544 pagum
651 2489 850 2530 Pitlekai
874 2492 922 2530 et
944 2489 992 2529 in
1015 2487 1259 2543 peninsula
1279 2487 1310 2529 J
1312 2486 1523 2528 inretlen.
1587 2485 1713 2525 Fert.

207 2559 246 2597 4.
309 2558 360 2596 R.
424 2559 632 2596 archaea
699 2555 853 2608 (Ach.)
906 2555 1056 2598 Wain.
1126 2554 1355 2596 Par-melia
1411 2553 1625 2606 sophocles
1675 2565 1711 2603 ‘(-

89 2623 143 2664 P.
196 2623 383 2665 archaca
409 2623 540 2673 Ach.,
578 2623 721 2665 Meth.
751 2623 878 2665 Lich.
915 2625 1070 2675 (1803)
1097 2637 1142 2677 p.
1179 2626 1259 2662 156
1292 2621 1495 2674 (secund.
1525 2620 1715 2674 specim.

0 2701 33 2728 a*
82 2692 199 2745 orig.
239 2692 289 2732 in
325 2691 453 2733 herb.
492 2691 628 2732 Ach.:
669 2691 789 2732 conf.
832 2705 877 2745 p.
925 2693 1015 2742 74).
1079 2690 1305 2731 Lecanora
1341 2688 1554 2742 sophocles
1590 2688 1627 2740 β.
1661 2686 1712 2726 L.

3 2757 17 2802 ζ.
89 2758 305 2811 laeviqata
341 2758 472 2808 Ach.,
513 2758 639 2800 Lich.
687 2759 827 2800 Univ.
873 2760 1028 2810 (1810)
1066 2771 1111 2812 p.
1155 2759 1238 2799 357
1281 2755 1484 2809 (secund.
1525 2755 1710 2809 specim.

4 2846 13 2869 ι.
89 2826 200 2880 orig.
248 2840 272 2867 e
321 2826 479 2868 Silesia
526 2827 575 2867 in
620 2825 747 2867 herb.
797 2825 950 2877 Ach.).
1014 2825 1065 2865 L.
1114 2824 1328 2878 sophocles
1373 2823 1452 2863 *L.
1497 2822 1711 2873 laeviqata

3 2878 17 2951 ξ
89 2892 196 2947 Nyl.
233 2893 359 2948 apud
382 2892 532 2934 Norrl.
559 2893 755 2947 etNyl„
784 2892 926 2933 Herb.
954 2891 1081 2932 Lich.
1108 2891 1250 2932 Fenn.
1279 2890 1346 2931 IV
1375 2892 1530 2941 (1875)
1555 2903 1599 2929 n.
1632 2890 1712 2928 157

9 2960 17 2995 ἶ
95 2961 259 3014 (sporis
288 2973 542 3014 congruens
571 2961 619 3001 in
647 2960 774 3001 herb.
806 2962 947 3011 meo).
1012 2959 1063 2999 L.
1095 2958 1311 3010 laeviqata
1341 2956 1463 3011 Nyl.‚
1495 2955 1562 2997 Fl.
1601 2957 1712 2996 1878
