1965 3240
247 152 289 181 E.
324 150 520 188 WAINIO,
554 148 794 178 LICHENES
826 149 979 178 PROPE
1012 148 1240 177 PITLEKAI
1272 148 1514 178 COLLECTI.
1671 141 1723 178 49

209 258 283 300 Ad
305 258 481 311 lignum
503 257 551 298 in
573 256 817 311 peninsula
835 254 1080 297 Jinretlen.

214 329 278 367 19.
345 327 393 365 L.
427 327 715 375 glaucoatra
742 324 889 365 VVain.
925 326 986 375 (n.
1016 325 1123 376 sp.).

207 393 397 435 Thallus
437 396 717 441 crustaceus,
760 391 1017 439 uniformis,
1058 404 1082 430 e
1123 389 1325 430 verrucis
1367 396 1585 431 constans
1617 393 1719 432 circ.

87 465 285 513 0,3—O,2
330 460 507 502 millim.
557 460 679 509 latis,
728 459 945 514 dispersis
983 462 1066 499 aut
1107 458 1292 512 parcius
1330 457 1563 508 confertis,
1597 459 1724 513 glau-

89 530 615 577 cescenti-cinerascens,
658 528 832 582 partim
873 525 1332 579 albido—VariegatuS,
1367 538 1553 579 opacus,
1587 527 1723 568 KHO

87 598 252 640 leviter
282 597 526 646 lutescens‚
561 595 754 649 CaCl2O,
784 595 949 636 leviter
979 593 1240 642 rubescens,
1274 591 1344 633 his
1360 594 1607 647 reagentiis
1626 596 1722 635 uni-

87 667 149 707 tis
180 665 447 706 distinctius
481 663 742 712 rubescens,
781 661 1058 718 hypothallo
1092 660 1382 701 indistincto.
1465 660 1723 716 Apothecia

93 736 284 783 1‚1—0,5
338 732 515 773 millim.
562 731 674 781 lata,
724 729 1030 772 crassitudine
1077 727 1342 777 mediocria,
1385 742 1521 783 saepe
1561 729 1725 771 leviter

87 801 313 851 conferta,
334 799 517 855 peltata
534 804 581 841 et
598 799 698 840 basi
716 799 831 840 bene
850 798 1117 846 constricta,
1135 795 1261 837 disco
1278 795 1418 851 plano
1437 800 1519 837 aut
1537 797 1724 838 demum

86 869 253 911 leviter
277 882 500 918 convexo,
528 868 658 922 nigro
679 871 762 908 aut
782 867 929 908 rarius
949 865 1375 919 fusco-nigricante,
1398 864 1538 914 nudo,
1562 879 1721 920 opaco,

88 938 295 992 margine
330 935 550 985 thallode‚
588 934 894 976 crassitudine
929 932 1163 982 mediocri,
1200 933 1395 986 integro,
1432 933 1722 987 persistente,

88 1005 255 1046 leviter
280 1005 588 1059 prominente,
617 1002 764 1044 thallo
791 1002 1031 1044 concolore
1058 1004 1141 1042 aut
1169 999 1230 1041 ad
1255 999 1435 1041 discum
1462 1000 1724 1042 obscuriore

87 1078 136 1114 et
169 1072 333 1114 eodem
365 1071 504 1113 modo
537 1076 768 1126 reagente.
835 1070 1117 1124 Excipulum
1148 1067 1337 1123 gonidia
1370 1072 1723 1123 cystococcacea

88 1141 347 1189 continens,
397 1144 547 1181 strato
587 1139 795 1180 corticali
828 1140 932 1179 circ.
969 1141 1082 1187 0,040
1114 1136 1292 1177 millim.
1328 1149 1495 1185 crasso,
1531 1151 1725 1191 superne

86 1212 351 1258 attenuato,
373 1207 987 1263 plectenparenchymatico,
1007 1220 1030 1247 e
1051 1204 1225 1246 cellulis
1241 1205 1413 1259 parvis,
1432 1203 1722 1259 ellipsoideis,

86 1275 298 1331 oblongis
325 1280 409 1317 aut
434 1275 702 1317 rotundatis
728 1275 947 1323 formato,
977 1277 1024 1315 et
1051 1272 1335 1314 membranis
1358 1271 1538 1314 modice
1554 1273 1724 1313 incras-

87 1345 203 1386 satis
255 1348 339 1385 aut
392 1348 465 1385 sat
518 1344 696 1384 crassis.
763 1342 1116 1397 Hypothecium
1168 1340 1393 1390 albidum,
1447 1354 1505 1381 ex
1556 1340 1725 1395 hyphis

85 1411 398 1467 irregulariter
429 1412 678 1461 contextis,
710 1411 815 1466 plus
846 1411 1059 1451 minusve
1090 1408 1423 1463 conglutinatis
1453 1408 1722 1458 formatum,

85 1484 236 1521 strato
273 1479 513 1534 gonidioso
550 1480 838 1533 impositum.
904 1478 1192 1533 Hymenium
1241 1477 1344 1517 circ.
1386 1480 1498 1526 Ο,060
1548 1476 1723 1517 millim.

85 1561 307 1598 crassum,
364 1547 474 1601 jodo
528 1547 830 1602 persistenter
885 1545 1212 1587 caerulescens.
1279 1543 1577 1599 Epithecium
1632 1558 1724 1585 sor-

87 1615 195 1657 dide
239 1615 500 1657 fuscescens
545 1619 628 1656 aut
673 1614 1178 1662 olivaceo-fuscescens,
1226 1611 1379 1666 ΗΝΟ3
1422 1613 1724 1654 violaceo-ru-

88 1684 282 1725 fescens.
347 1682 640 1738 Paraphyses
691 1687 764 1724 sat
811 1683 915 1724 laxe
966 1686 1049 1723 aut
1100 1685 1173 1722 sat
1226 1684 1352 1722 arcte
1409 1680 1721 1730 cohaerentes,

85 1755 159 1792 sat
191 1756 370 1801 tenues,
429 1752 533 1792 circ.
592 1754 728 1800 O‚0015
782 1750 959 1791 millim.
1014 1763 1208 1799 crassae,
1260 1749 1390 1803 apice
1430 1748 1596 1789 leviter
1635 1748 1725 1789 cla-

85 1823 241 1869 vatae,
315 1818 442 1860 haud
500 1832 958 1860 ramoso-connexae.
1050 1817 1205 1872 Sporae
1269 1819 1417 1866 81nae,
1483 1815 1722 1866 distichae,

84 1887 332 1941 simplices,
390 1886 616 1941 oblongae
675 1891 757 1928 aut
812 1885 1121 1942 ellipsoideae‚
1175 1883 1386 1940 apicibus
1440 1884 1721 1933 rotundatis,

85 1954 207 2009 long.
243 1958 545 2005 0,009——O‚014,
573 1968 712 1996 crass.
744 1957 1030 2005 0,005-—0,006
1055 1953 1234 1994 millim.
1285 1951 1724 2006 Pycnoconidangia

84 2021 233 2064 thallo
269 2024 501 2072 immersa,
539 2027 717 2077 puncto
753 2023 1068 2064 minutissimo
1103 2022 1235 2075 nigro
1270 2020 1493 2070 indicata,
1532 2034 1724 2074 concep-

83 2090 241 2131 taculo
280 2090 558 2145 fusconigro.
624 2091 908 2145 Sterigmata
945 2088 1351 2145 pauciarticulata,
1393 2087 1589 2129 articulo
1629 2089 1724 2142 api-

84 2158 173 2199 cali
232 2159 403 2199 sensim
461 2162 725 2208 attenuato,
785 2156 1128 2213 pycnoconidia
1185 2156 1424 2207 efferente.
1490 2156 1724 2210 Pycnoco-

83 2225 214 2267 nidia
252 2226 505 2276 filiformia,
547 2226 664 2268 bene
705 2230 899 2268 arcuata
939 2229 1022 2267 aut
1067 2239 1205 2280 parce
1246 2224 1558 2273 subflexuosa,
1600 2223 1722 2277 long.

86 2297 389 2344 0,018-—0,024,
455 2308 593 2335 crass.
661 2297 795 2343 0,0007
859 2293 1037 2335 millim.
1086 2319 1145 2323 —
1190 2291 1372 2333 Habitu
1434 2296 1508 2332 sat
1564 2291 1725 2332 similis

85 2361 138 2403 L.
202 2362 458 2415 aipospilae
526 2361 827 2415 (Wahlenb.),
887 2365 938 2403 at
995 2362 1142 2416 sporis
1200 2373 1380 2414 semper
1437 2358 1724 2414 simplicibus

88 2429 149 2470 ab
190 2443 245 2471 ea
285 2429 519 2471 differens.
584 2430 731 2485 Magis
773 2429 930 2471 affinis
970 2434 1041 2471 est
1080 2429 1133 2470 L.
1176 2428 1391 2481 helicopis
1437 2426 1722 2480 (Wahlenb.)

87 2496 219 2546 Aah„
255 2498 389 2550 cujus
422 2497 596 2538 thallus
635 2497 840 2550 (secund.
876 2498 1064 2552 specim.
1100 2498 1212 2551 orig.
1247 2496 1296 2536 in
1329 2494 1456 2536 herb.
1493 2494 1631 2547 Ach.)
1665 2495 1723 2535 ri-

86 2564 487 2615 moso-areolatus‚
522 2564 1010 2620 glauco—cinerascens,
1078 2564 1242 2606 areolis
1277 2564 1520 2617 contiguis,
1555 2562 1720 2617 planis,

87 2635 162 2673 sat
195 2631 454 2687 laevigatis,
491 2634 661 2688 opacis,
698 2632 945 2688 apothecia
978 2632 1104 2674 disco
1137 2632 1436 2685 fusco-nigro,
1473 2630 1613 2679 nudo,
1649 2636 1720 2670 sat

23 2713 28 2720 ¹
87 2713 250 2754 opaco,
295 2701 501 2754 margine
543 2702 673 2742 tenui
715 2704 798 2742 aut
840 2701 1128 2749 tenuissimo,
1171 2701 1367 2753 integro,
1413 2698 1553 2752 vulgo
1596 2697 1720 2738 disco

87 2767 343 2817 concolore,
374 2781 478 2809 raro
508 2767 655 2809 thallo
686 2768 940 2810 concolore.
1004 2767 1077 2808 Ab
1107 2782 1162 2809 ea
1191 2768 1272 2808 vix
1301 2764 1632 2820 distinguenda
1661 2765 1720 2805 sit

89 2834 141 2875 L.
177 2834 482 2888 prosechoides
514 2835 622 2890 Nyl.
688 2836 739 2877 L.
777 2835 1108 2889 prosechoidiza
1140 2834 1248 2889 Nyl.
1284 2833 1431 2874 thallo
1464 2831 1718 2887 pallidiore,

90 2903 265 2956 partim
303 2902 509 2957 disperso
547 2903 606 2944 ab
644 2903 715 2944 his
753 2903 914 2944 differt
951 2906 998 2944 et
1036 2902 1162 2943 disco
1201 2900 1553 2956 apotheciorum
1590 2899 1720 2940 fusco

92 2969 228 3010 facile
248 2984 275 3011 a
294 2970 345 3011 L.
367 2971 622 3023 qlaucoatra
641 2970 960 3025 distinguitur.

213 3056 324 3085 Arkc'v
347 3057 404 3094 f5’'
430 3057 578 3088 botanik.
628 3057 727 3086 Band
752 3059 782 3087 8.
835 3057 896 3086 Nzo
923 3057 952 3087 4.
1589 3055 1607 3082 4
